Poker Hand #TM3579890037: Tournament #158060956, Bounty Hunters Special $1.08 Hold'em No Limit - Level8(200/400) - 2024/08/14 10:48:59
Table '26' 8-max Seat #3 is the button
Seat 1: fec9733d (49,222 in chips)
Seat 2: 7d1d9b3e (16,563 in chips)
Seat 3: fb2c98e1 (7,444 in chips)
Seat 4: 74e69261 (25,100 in chips)
Seat 5: Hero (989 in chips)
Seat 6: 34c4daa3 (25,552 in chips)
Seat 7: b7651742 (82,266 in chips)
Seat 8: 6462c6ba (38,727 in chips)
b7651742: posts the ante 60
34c4daa3: posts the ante 60
74e69261: posts the ante 60
fb2c98e1: posts the ante 60
7d1d9b3e: posts the ante 60
6462c6ba: posts the ante 60
Hero: posts the ante 60
fec9733d: posts the ante 60
74e69261: posts small blind 200
Hero: posts big blind 400
*** HOLE CARDS ***
Dealt to fec9733d 
Dealt to 7d1d9b3e 
Dealt to fb2c98e1 
Dealt to 74e69261 
Dealt to Hero [Td 9d]
Dealt to 34c4daa3 
Dealt to b7651742 
Dealt to 6462c6ba 
34c4daa3: calls 400
b7651742: folds
6462c6ba: calls 400
fec9733d: calls 400
7d1d9b3e: folds
fb2c98e1: folds
74e69261: folds
Hero: checks
*** FLOP *** [8s 6d Ah]
Hero: checks
34c4daa3: checks
6462c6ba: checks
fec9733d: bets 753
Hero: calls 529 and is all-in
34c4daa3: calls 753
6462c6ba: calls 753
*** TURN *** [8s 6d Ah] [8h]
34c4daa3: checks
6462c6ba: checks
fec9733d: checks
*** RIVER *** [8s 6d Ah 8h] [Jd]
34c4daa3: bets 2,534
6462c6ba: folds
fec9733d: calls 2,534
34c4daa3: shows [6s 6h] (Sixes Full over Eights)
fec9733d: shows [7c Ac] (Pair of Aces and Pair of Eights)
Hero: shows [Td 9d] (Pair of Eights)
*** SHOWDOWN ***
34c4daa3 collected 4,396 from pot
34c4daa3 collected 5,740 from pot
*** SUMMARY ***
Total pot 10,136 | Rake 0 | Jackpot 0 | Bingo 0 | Fortune 0 | Tax 0
Board [8s 6d Ah 8h Jd]
Seat 1: fec9733d showed [7c Ac] and lost with Pair of Aces and Pair of Eights
Seat 2: 7d1d9b3e folded before Flop
Seat 3: fb2c98e1 (button) folded before Flop
Seat 4: 74e69261 (small blind) folded before Flop
Seat 5: Hero (big blind) showed [Td 9d] and lost with Pair of Eights
Seat 6: 34c4daa3 showed [6s 6h] and won (10,136) with Sixes Full over Eights
Seat 7: b7651742 folded before Flop
Seat 8: 6462c6ba folded on the River


Poker Hand #TM3579890026: Tournament #158060956, Bounty Hunters Special $1.08 Hold'em No Limit - Level8(200/400) - 2024/08/14 10:47:57
Table '26' 8-max Seat #1 is the button
Seat 1: fec9733d (15,394 in chips)
Seat 3: fb2c98e1 (35,614 in chips)
Seat 4: 74e69261 (25,560 in chips)
Seat 5: Hero (1,049 in chips)
Seat 6: 34c4daa3 (28,170 in chips)
Seat 7: b7651742 (83,526 in chips)
Seat 8: 6462c6ba (39,987 in chips)
b7651742: posts the ante 60
34c4daa3: posts the ante 60
74e69261: posts the ante 60
fb2c98e1: posts the ante 60
6462c6ba: posts the ante 60
Hero: posts the ante 60
fec9733d: posts the ante 60
fb2c98e1: posts small blind 200
74e69261: posts big blind 400
*** HOLE CARDS ***
Dealt to fec9733d 
Dealt to fb2c98e1 
Dealt to 74e69261 
Dealt to Hero [2d 4d]
Dealt to 34c4daa3 
Dealt to b7651742 
Dealt to 6462c6ba 
Hero: folds
34c4daa3: raises 400 to 800
b7651742: raises 400 to 1,200
6462c6ba: calls 1,200
fec9733d: raises 14,134 to 15,334 and is all-in
fb2c98e1: raises 20,220 to 35,554 and is all-in
74e69261: folds
34c4daa3: calls 27,310 and is all-in
b7651742: folds
6462c6ba: folds
Uncalled bet (7,444) returned to fb2c98e1
fb2c98e1: shows [Kc Ad]
34c4daa3: shows [8h 8s]
fec9733d: shows [Kh Js]
*** FLOP *** [5d 2s 7s]
*** TURN *** [5d 2s 7s] [7h]
*** RIVER *** [5d 2s 7s 7h] [Jc]
*** SHOWDOWN ***
fec9733d collected 49,222 from pot
34c4daa3 collected 25,552 from pot
*** SUMMARY ***
Total pot 74,774 | Rake 0 | Jackpot 0 | Bingo 0 | Fortune 0 | Tax 0
Board [5d 2s 7s 7h Jc]
Seat 1: fec9733d (button) showed [Kh Js] and won (49,222) with Pair of Jacks and Pair of Sevens
Seat 3: fb2c98e1 (small blind) showed [Kc Ad] and lost with Pair of Sevens
Seat 4: 74e69261 (big blind) folded before Flop
Seat 5: Hero folded before Flop
Seat 6: 34c4daa3 showed [8h 8s] and won (25,552) with Pair of Eights and Pair of Sevens
Seat 7: b7651742 folded before Flop
Seat 8: 6462c6ba folded before Flop


Poker Hand #TM3579890013: Tournament #158060956, Bounty Hunters Special $1.08 Hold'em No Limit - Level7(175/350) - 2024/08/14 10:46:43
Table '26' 8-max Seat #8 is the button
Seat 1: fec9733d (15,619 in chips)
Seat 2: e37f468b (27,461 in chips)
Seat 3: fb2c98e1 (11,263 in chips)
Seat 4: 74e69261 (25,610 in chips)
Seat 5: Hero (1,099 in chips)
Seat 6: 34c4daa3 (28,220 in chips)
Seat 7: b7651742 (84,976 in chips)
Seat 8: 6462c6ba (35,052 in chips)
b7651742: posts the ante 50
34c4daa3: posts the ante 50
74e69261: posts the ante 50
e37f468b: posts the ante 50
fb2c98e1: posts the ante 50
6462c6ba: posts the ante 50
Hero: posts the ante 50
fec9733d: posts the ante 50
fec9733d: posts small blind 175
e37f468b: posts big blind 350
*** HOLE CARDS ***
Dealt to fec9733d 
Dealt to e37f468b 
Dealt to fb2c98e1 
Dealt to 74e69261 
Dealt to Hero [8d 7s]
Dealt to 34c4daa3 
Dealt to b7651742 
Dealt to 6462c6ba 
fb2c98e1: raises 350 to 700
74e69261: folds
Hero: folds
34c4daa3: folds
b7651742: raises 700 to 1,400
6462c6ba: calls 1,400
fec9733d: folds
e37f468b: calls 1,050
fb2c98e1: raises 9,813 to 11,213 and is all-in
b7651742: folds
6462c6ba: calls 9,813
e37f468b: calls 9,813
*** FLOP *** [7h Qh 2d]
e37f468b: bets 16,198 and is all-in
6462c6ba: calls 16,198
e37f468b: shows [Kh 9h] (King-High)
fb2c98e1: shows [Ah As] (Pair of Aces)
6462c6ba: shows [Qc Tc] (Pair of Queens)
*** TURN *** [7h Qh 2d] [4c]
*** RIVER *** [7h Qh 2d 4c] [Ac]
*** SHOWDOWN ***
fb2c98e1 collected 35,614 from pot
6462c6ba collected 32,396 from pot
*** SUMMARY ***
Total pot 68,010 | Rake 0 | Jackpot 0 | Bingo 0 | Fortune 0 | Tax 0
Board [7h Qh 2d 4c Ac]
Seat 1: fec9733d (small blind) folded before Flop
Seat 2: e37f468b (big blind) showed [Kh 9h] and lost with Ace-High
Seat 3: fb2c98e1 showed [Ah As] and won (35,614) with Three Aces
Seat 4: 74e69261 folded before Flop
Seat 5: Hero folded before Flop
Seat 6: 34c4daa3 folded before Flop
Seat 7: b7651742 folded before Flop
Seat 8: 6462c6ba (button) showed [Qc Tc] and won (32,396) with Pair of Queens


Poker Hand #TM3579890009: Tournament #158060956, Bounty Hunters Special $1.08 Hold'em No Limit - Level7(175/350) - 2024/08/14 10:46:08
Table '26' 8-max Seat #7 is the button
Seat 1: fec9733d (16,019 in chips)
Seat 2: e37f468b (27,861 in chips)
Seat 3: fb2c98e1 (11,313 in chips)
Seat 4: 74e69261 (25,660 in chips)
Seat 5: Hero (1,149 in chips)
Seat 6: 34c4daa3 (26,995 in chips)
Seat 7: b7651742 (85,026 in chips)
Seat 8: 6462c6ba (35,277 in chips)
b7651742: posts the ante 50
34c4daa3: posts the ante 50
74e69261: posts the ante 50
e37f468b: posts the ante 50
fb2c98e1: posts the ante 50
6462c6ba: posts the ante 50
Hero: posts the ante 50
fec9733d: posts the ante 50
6462c6ba: posts small blind 175
fec9733d: posts big blind 350
*** HOLE CARDS ***
Dealt to fec9733d 
Dealt to e37f468b 
Dealt to fb2c98e1 
Dealt to 74e69261 
Dealt to Hero [Jc 8d]
Dealt to 34c4daa3 
Dealt to b7651742 
Dealt to 6462c6ba 
e37f468b: calls 350
fb2c98e1: folds
74e69261: folds
Hero: folds
34c4daa3: raises 1,625 to 1,975
b7651742: folds
6462c6ba: folds
fec9733d: folds
e37f468b: folds
Uncalled bet (1,625) returned to 34c4daa3
*** SHOWDOWN ***
34c4daa3 collected 1,625 from pot
*** SUMMARY ***
Total pot 1,625 | Rake 0 | Jackpot 0 | Bingo 0 | Fortune 0 | Tax 0
Seat 1: fec9733d (big blind) folded before Flop
Seat 2: e37f468b folded before Flop
Seat 3: fb2c98e1 folded before Flop
Seat 4: 74e69261 folded before Flop
Seat 5: Hero folded before Flop
Seat 6: 34c4daa3 collected (1,625)
Seat 7: b7651742 (button) folded before Flop
Seat 8: 6462c6ba (small blind) folded before Flop


Poker Hand #TM3579890001: Tournament #158060956, Bounty Hunters Special $1.08 Hold'em No Limit - Level7(175/350) - 2024/08/14 10:45:06
Table '26' 8-max Seat #6 is the button
Seat 1: fec9733d (17,469 in chips)
Seat 2: e37f468b (29,311 in chips)
Seat 3: fb2c98e1 (11,363 in chips)
Seat 4: 74e69261 (25,710 in chips)
Seat 5: Hero (2,599 in chips)
Seat 6: 34c4daa3 (42,296 in chips)
Seat 7: b7651742 (85,251 in chips)
Seat 8: 6462c6ba (15,301 in chips)
b7651742: posts the ante 50
34c4daa3: posts the ante 50
74e69261: posts the ante 50
e37f468b: posts the ante 50
fb2c98e1: posts the ante 50
6462c6ba: posts the ante 50
Hero: posts the ante 50
fec9733d: posts the ante 50
b7651742: posts small blind 175
6462c6ba: posts big blind 350
*** HOLE CARDS ***
Dealt to fec9733d 
Dealt to e37f468b 
Dealt to fb2c98e1 
Dealt to 74e69261 
Dealt to Hero [7s Ah]
Dealt to 34c4daa3 
Dealt to b7651742 
Dealt to 6462c6ba 
fec9733d: calls 350
e37f468b: calls 350
fb2c98e1: folds
74e69261: folds
Hero: calls 350
34c4daa3: calls 350
b7651742: folds
6462c6ba: raises 1,050 to 1,400
fec9733d: calls 1,050
e37f468b: calls 1,050
Hero: calls 1,050
34c4daa3: calls 1,050
*** FLOP *** [2h Th Kd]
6462c6ba: bets 13,851 and is all-in
fec9733d: folds
e37f468b: folds
Hero: folds
34c4daa3: calls 13,851
6462c6ba: shows [Kc Js] (Pair of Kings)
34c4daa3: shows [Ks 8h] (Pair of Kings)
*** TURN *** [2h Th Kd] [Jh]
*** RIVER *** [2h Th Kd Jh] [6s]
*** SHOWDOWN ***
6462c6ba collected 35,277 from pot
*** SUMMARY ***
Total pot 35,277 | Rake 0 | Jackpot 0 | Bingo 0 | Fortune 0 | Tax 0
Board [2h Th Kd Jh 6s]
Seat 1: fec9733d folded on the Flop
Seat 2: e37f468b folded on the Flop
Seat 3: fb2c98e1 folded before Flop
Seat 4: 74e69261 folded before Flop
Seat 5: Hero folded on the Flop
Seat 6: 34c4daa3 (button) showed [Ks 8h] and lost with Pair of Kings
Seat 7: b7651742 (small blind) folded before Flop
Seat 8: 6462c6ba (big blind) showed [Kc Js] and won (35,277) with Pair of Kings and Pair of Jacks


Poker Hand #TM3579889990: Tournament #158060956, Bounty Hunters Special $1.08 Hold'em No Limit - Level7(175/350) - 2024/08/14 10:43:52
Table '26' 8-max Seat #5 is the button
Seat 1: fec9733d (17,519 in chips)
Seat 2: e37f468b (29,361 in chips)
Seat 3: fb2c98e1 (11,413 in chips)
Seat 4: 74e69261 (25,760 in chips)
Seat 5: Hero (10,874 in chips)
Seat 6: 34c4daa3 (33,371 in chips)
Seat 7: b7651742 (85,651 in chips)
Seat 8: 6462c6ba (15,351 in chips)
b7651742: posts the ante 50
34c4daa3: posts the ante 50
74e69261: posts the ante 50
e37f468b: posts the ante 50
fb2c98e1: posts the ante 50
6462c6ba: posts the ante 50
Hero: posts the ante 50
fec9733d: posts the ante 50
34c4daa3: posts small blind 175
b7651742: posts big blind 350
*** HOLE CARDS ***
Dealt to fec9733d 
Dealt to e37f468b 
Dealt to fb2c98e1 
Dealt to 74e69261 
Dealt to Hero [7d Jd]
Dealt to 34c4daa3 
Dealt to b7651742 
Dealt to 6462c6ba 
6462c6ba: folds
fec9733d: folds
e37f468b: folds
fb2c98e1: folds
74e69261: folds
Hero: raises 350 to 700
34c4daa3: raises 1,075 to 1,775
b7651742: folds
Hero: calls 1,075
*** FLOP *** [7s As 4c]
34c4daa3: checks
Hero: bets 2,150
34c4daa3: calls 2,150
*** TURN *** [7s As 4c] [Js]
34c4daa3: checks
Hero: bets 4,300
34c4daa3: calls 4,300
*** RIVER *** [7s As 4c Js] [Ts]
34c4daa3: bets 5,676
Hero: folds
Uncalled bet (5,676) returned to 34c4daa3
Hero: shows [7d Jd] (Pair of Jacks and Pair of Sevens)
34c4daa3: shows [Ks] (Ace High Flush)
*** SHOWDOWN ***
34c4daa3 collected 17,200 from pot
*** SUMMARY ***
Total pot 17,200 | Rake 0 | Jackpot 0 | Bingo 0 | Fortune 0 | Tax 0
Board [7s As 4c Js Ts]
Seat 1: fec9733d folded before Flop
Seat 2: e37f468b folded before Flop
Seat 3: fb2c98e1 folded before Flop
Seat 4: 74e69261 folded before Flop
Seat 5: Hero (button) folded on the River
Seat 6: 34c4daa3 (small blind) showed [Ks] and won (17,200)
Seat 7: b7651742 (big blind) folded before Flop
Seat 8: 6462c6ba folded before Flop


Poker Hand #TM3579889987: Tournament #158060956, Bounty Hunters Special $1.08 Hold'em No Limit - Level7(175/350) - 2024/08/14 10:43:12
Table '26' 8-max Seat #3 is the button
Seat 1: fec9733d (17,919 in chips)
Seat 2: e37f468b (29,761 in chips)
Seat 3: fb2c98e1 (11,463 in chips)
Seat 5: Hero (11,274 in chips)
Seat 6: 34c4daa3 (32,021 in chips)
Seat 7: b7651742 (85,701 in chips)
Seat 8: 6462c6ba (15,401 in chips)
b7651742: posts the ante 50
34c4daa3: posts the ante 50
e37f468b: posts the ante 50
fb2c98e1: posts the ante 50
6462c6ba: posts the ante 50
Hero: posts the ante 50
fec9733d: posts the ante 50
Hero: posts small blind 175
34c4daa3: posts big blind 350
*** HOLE CARDS ***
Dealt to fec9733d 
Dealt to e37f468b 
Dealt to fb2c98e1 
Dealt to Hero [8h 3h]
Dealt to 34c4daa3 
Dealt to b7651742 
Dealt to 6462c6ba 
b7651742: folds
6462c6ba: folds
fec9733d: calls 350
e37f468b: calls 350
fb2c98e1: folds
Hero: calls 175
34c4daa3: checks
*** FLOP *** [9d 5d 3d]
Hero: checks
34c4daa3: bets 1,750
fec9733d: folds
e37f468b: folds
Hero: folds
Uncalled bet (1,750) returned to 34c4daa3
*** SHOWDOWN ***
34c4daa3 collected 1,750 from pot
*** SUMMARY ***
Total pot 1,750 | Rake 0 | Jackpot 0 | Bingo 0 | Fortune 0 | Tax 0
Board [9d 5d 3d]
Seat 1: fec9733d folded on the Flop
Seat 2: e37f468b folded on the Flop
Seat 3: fb2c98e1 (button) folded before Flop
Seat 5: Hero (small blind) folded on the Flop
Seat 6: 34c4daa3 (big blind) won (1,750)
Seat 7: b7651742 folded before Flop
Seat 8: 6462c6ba folded before Flop


Poker Hand #TM3579889979: Tournament #158060956, Bounty Hunters Special $1.08 Hold'em No Limit - Level7(175/350) - 2024/08/14 10:42:04
Table '26' 8-max Seat #2 is the button
Seat 1: fec9733d (18,669 in chips)
Seat 2: e37f468b (71,699 in chips)
Seat 3: fb2c98e1 (11,688 in chips)
Seat 5: Hero (12,024 in chips)
Seat 6: 34c4daa3 (32,071 in chips)
Seat 7: b7651742 (41,938 in chips)
Seat 8: 6462c6ba (15,451 in chips)
b7651742: posts the ante 50
34c4daa3: posts the ante 50
e37f468b: posts the ante 50
fb2c98e1: posts the ante 50
6462c6ba: posts the ante 50
Hero: posts the ante 50
fec9733d: posts the ante 50
fb2c98e1: posts small blind 175
Hero: posts big blind 350
*** HOLE CARDS ***
Dealt to fec9733d 
Dealt to e37f468b 
Dealt to fb2c98e1 
Dealt to Hero [6d Ad]
Dealt to 34c4daa3 
Dealt to b7651742 
Dealt to 6462c6ba 
34c4daa3: folds
b7651742: raises 350 to 700
6462c6ba: folds
fec9733d: calls 700
e37f468b: calls 700
fb2c98e1: folds
Hero: calls 350
*** FLOP *** [7c 5s Tc]
Hero: checks
b7651742: bets 1,225
fec9733d: folds
e37f468b: calls 1,225
Hero: folds
*** TURN *** [7c 5s Tc] [9d]
b7651742: bets 2,275
e37f468b: calls 2,275
*** RIVER *** [7c 5s Tc 9d] [8c]
b7651742: bets 8,225
e37f468b: raises 26,775 to 35,000
b7651742: raises 2,688 to 37,688 and is all-in
e37f468b: calls 2,688
b7651742: shows [Qc Ac] (Ace High Flush)
e37f468b: shows [Qs 6s] (Tens-High Straight)
*** SHOWDOWN ***
b7651742 collected 85,701 from pot
*** SUMMARY ***
Total pot 85,701 | Rake 0 | Jackpot 0 | Bingo 0 | Fortune 0 | Tax 0
Board [7c 5s Tc 9d 8c]
Seat 1: fec9733d folded on the Flop
Seat 2: e37f468b (button) showed [Qs 6s] and lost with Tens-High Straight
Seat 3: fb2c98e1 (small blind) folded before Flop
Seat 5: Hero (big blind) folded on the Flop
Seat 6: 34c4daa3 folded before Flop
Seat 7: b7651742 showed [Qc Ac] and won (85,701) with Ace High Flush
Seat 8: 6462c6ba folded before Flop


Poker Hand #TM3579889975: Tournament #158060956, Bounty Hunters Special $1.08 Hold'em No Limit - Level7(175/350) - 2024/08/14 10:41:27
Table '26' 8-max Seat #1 is the button
Seat 1: fec9733d (18,719 in chips)
Seat 2: e37f468b (73,149 in chips)
Seat 3: fb2c98e1 (12,088 in chips)
Seat 4: d644618 (27,781 in chips)
Seat 5: Hero (12,074 in chips)
Seat 6: 34c4daa3 (32,121 in chips)
Seat 7: b7651742 (41,988 in chips)
Seat 8: 6462c6ba (15,501 in chips)
b7651742: posts the ante 50
34c4daa3: posts the ante 50
e37f468b: posts the ante 50
fb2c98e1: posts the ante 50
d644618: posts the ante 50
6462c6ba: posts the ante 50
Hero: posts the ante 50
fec9733d: posts the ante 50
e37f468b: posts small blind 175
fb2c98e1: posts big blind 350
*** HOLE CARDS ***
Dealt to fec9733d 
Dealt to e37f468b 
Dealt to fb2c98e1 
Dealt to d644618 
Dealt to Hero [8s Th]
Dealt to 34c4daa3 
Dealt to b7651742 
Dealt to 6462c6ba 
d644618: raises 1,050 to 1,400
Hero: folds
34c4daa3: folds
b7651742: folds
6462c6ba: folds
fec9733d: folds
e37f468b: calls 1,225
fb2c98e1: folds
*** FLOP *** [Kh 4d 4s]
e37f468b: checks
d644618: bets 1,775
e37f468b: folds
Uncalled bet (1,775) returned to d644618
*** SHOWDOWN ***
d644618 collected 3,550 from pot
*** SUMMARY ***
Total pot 3,550 | Rake 0 | Jackpot 0 | Bingo 0 | Fortune 0 | Tax 0
Board [Kh 4d 4s]
Seat 1: fec9733d (button) folded before Flop
Seat 2: e37f468b (small blind) folded on the Flop
Seat 3: fb2c98e1 (big blind) folded before Flop
Seat 4: d644618 won (3,550)
Seat 5: Hero folded before Flop
Seat 6: 34c4daa3 folded before Flop
Seat 7: b7651742 folded before Flop
Seat 8: 6462c6ba folded before Flop


Poker Hand #TM3579889965: Tournament #158060956, Bounty Hunters Special $1.08 Hold'em No Limit - Level7(175/350) - 2024/08/14 10:40:37
Table '26' 8-max Seat #8 is the button
Seat 1: fec9733d (18,944 in chips)
Seat 2: e37f468b (73,549 in chips)
Seat 3: fb2c98e1 (13,837 in chips)
Seat 4: d644618 (27,831 in chips)
Seat 5: Hero (12,124 in chips)
Seat 6: 34c4daa3 (28,847 in chips)
Seat 7: b7651742 (42,038 in chips)
Seat 8: 6462c6ba (16,251 in chips)
b7651742: posts the ante 50
34c4daa3: posts the ante 50
e37f468b: posts the ante 50
fb2c98e1: posts the ante 50
d644618: posts the ante 50
6462c6ba: posts the ante 50
Hero: posts the ante 50
fec9733d: posts the ante 50
fec9733d: posts small blind 175
e37f468b: posts big blind 350
*** HOLE CARDS ***
Dealt to fec9733d 
Dealt to e37f468b 
Dealt to fb2c98e1 
Dealt to d644618 
Dealt to Hero [Tc 5d]
Dealt to 34c4daa3 
Dealt to b7651742 
Dealt to 6462c6ba 
fb2c98e1: raises 350 to 700
d644618: folds
Hero: folds
34c4daa3: calls 700
b7651742: folds
6462c6ba: calls 700
fec9733d: folds
e37f468b: folds
*** FLOP *** [Ks 6s 5c]
fb2c98e1: checks
34c4daa3: bets 999
6462c6ba: folds
fb2c98e1: calls 999
*** TURN *** [Ks 6s 5c] [7d]
fb2c98e1: checks
34c4daa3: bets 2,512
fb2c98e1: folds
Uncalled bet (2,512) returned to 34c4daa3
*** SHOWDOWN ***
34c4daa3 collected 5,023 from pot
*** SUMMARY ***
Total pot 5,023 | Rake 0 | Jackpot 0 | Bingo 0 | Fortune 0 | Tax 0
Board [Ks 6s 5c 7d]
Seat 1: fec9733d (small blind) folded before Flop
Seat 2: e37f468b (big blind) folded before Flop
Seat 3: fb2c98e1 folded on the Turn
Seat 4: d644618 folded before Flop
Seat 5: Hero folded before Flop
Seat 6: 34c4daa3 won (5,023)
Seat 7: b7651742 folded before Flop
Seat 8: 6462c6ba (button) folded on the Flop


Poker Hand #TM3579889957: Tournament #158060956, Bounty Hunters Special $1.08 Hold'em No Limit - Level7(175/350) - 2024/08/14 10:39:29
Table '26' 8-max Seat #7 is the button
Seat 1: fec9733d (19,344 in chips)
Seat 2: e37f468b (36,362 in chips)
Seat 3: fb2c98e1 (13,887 in chips)
Seat 4: d644618 (27,881 in chips)
Seat 5: Hero (12,174 in chips)
Seat 6: 34c4daa3 (65,209 in chips)
Seat 7: b7651742 (42,088 in chips)
Seat 8: 6462c6ba (16,476 in chips)
b7651742: posts the ante 50
34c4daa3: posts the ante 50
e37f468b: posts the ante 50
fb2c98e1: posts the ante 50
d644618: posts the ante 50
6462c6ba: posts the ante 50
Hero: posts the ante 50
fec9733d: posts the ante 50
6462c6ba: posts small blind 175
fec9733d: posts big blind 350
*** HOLE CARDS ***
Dealt to fec9733d 
Dealt to e37f468b 
Dealt to fb2c98e1 
Dealt to d644618 
Dealt to Hero [9s 3d]
Dealt to 34c4daa3 
Dealt to b7651742 
Dealt to 6462c6ba 
e37f468b: raises 350 to 700
fb2c98e1: folds
d644618: folds
Hero: folds
34c4daa3: raises 1,744 to 2,444
b7651742: folds
6462c6ba: folds
fec9733d: folds
e37f468b: calls 1,744
*** FLOP *** [8d 7d 5s]
e37f468b: checks
34c4daa3: bets 2,907
e37f468b: calls 2,907
*** TURN *** [8d 7d 5s] [9c]
e37f468b: bets 30,961 and is all-in
34c4daa3: calls 30,961
e37f468b: shows [6d 6h] (Nines-High Straight)
34c4daa3: shows [Th Ah] (Ace-High)
*** RIVER *** [8d 7d 5s 9c] [As]
*** SHOWDOWN ***
e37f468b collected 73,549 from pot
*** SUMMARY ***
Total pot 73,549 | Rake 0 | Jackpot 0 | Bingo 0 | Fortune 0 | Tax 0
Board [8d 7d 5s 9c As]
Seat 1: fec9733d (big blind) folded before Flop
Seat 2: e37f468b showed [6d 6h] and won (73,549) with Nines-High Straight
Seat 3: fb2c98e1 folded before Flop
Seat 4: d644618 folded before Flop
Seat 5: Hero folded before Flop
Seat 6: 34c4daa3 showed [Th Ah] and lost with Pair of Aces
Seat 7: b7651742 (button) folded before Flop
Seat 8: 6462c6ba (small blind) folded before Flop


Poker Hand #TM3579889941: Tournament #158060956, Bounty Hunters Special $1.08 Hold'em No Limit - Level7(175/350) - 2024/08/14 10:38:04
Table '26' 8-max Seat #6 is the button
Seat 1: fec9733d (19,394 in chips)
Seat 2: e37f468b (36,412 in chips)
Seat 3: fb2c98e1 (17,087 in chips)
Seat 4: d644618 (28,631 in chips)
Seat 5: Hero (12,224 in chips)
Seat 6: 34c4daa3 (60,134 in chips)
Seat 7: b7651742 (42,313 in chips)
Seat 8: 6462c6ba (17,226 in chips)
b7651742: posts the ante 50
34c4daa3: posts the ante 50
e37f468b: posts the ante 50
fb2c98e1: posts the ante 50
d644618: posts the ante 50
6462c6ba: posts the ante 50
Hero: posts the ante 50
fec9733d: posts the ante 50
b7651742: posts small blind 175
6462c6ba: posts big blind 350
*** HOLE CARDS ***
Dealt to fec9733d 
Dealt to e37f468b 
Dealt to fb2c98e1 
Dealt to d644618 
Dealt to Hero [8c Jd]
Dealt to 34c4daa3 
Dealt to b7651742 
Dealt to 6462c6ba 
fec9733d: folds
e37f468b: folds
fb2c98e1: raises 350 to 700
d644618: calls 700
Hero: folds
34c4daa3: calls 700
b7651742: folds
6462c6ba: calls 350
*** FLOP *** [8s Ac 3s]
6462c6ba: checks
fb2c98e1: bets 2,450
d644618: folds
34c4daa3: calls 2,450
6462c6ba: folds
*** TURN *** [8s Ac 3s] [Ts]
fb2c98e1: checks
34c4daa3: checks
*** RIVER *** [8s Ac 3s Ts] [Kd]
fb2c98e1: checks
34c4daa3: bets 4,138
fb2c98e1: folds
Uncalled bet (4,138) returned to 34c4daa3
*** SHOWDOWN ***
34c4daa3 collected 8,275 from pot
*** SUMMARY ***
Total pot 8,275 | Rake 0 | Jackpot 0 | Bingo 0 | Fortune 0 | Tax 0
Board [8s Ac 3s Ts Kd]
Seat 1: fec9733d folded before Flop
Seat 2: e37f468b folded before Flop
Seat 3: fb2c98e1 folded on the River
Seat 4: d644618 folded on the Flop
Seat 5: Hero folded before Flop
Seat 6: 34c4daa3 (button) won (8,275)
Seat 7: b7651742 (small blind) folded before Flop
Seat 8: 6462c6ba (big blind) folded on the Flop


Poker Hand #TM3579176193: Tournament #158060956, Bounty Hunters Special $1.08 Hold'em No Limit - Level6(150/300) - 2024/08/14 10:36:01
Table '57' 8-max Seat #5 is the button
Seat 1: 11edd9e9 (16,628 in chips)
Seat 2: Hero (12,269 in chips)
Seat 3: 21df59a4 (7,715 in chips)
Seat 4: 64e75a44 (32,387 in chips)
Seat 5: 9fd6e8b2 (20,178 in chips)
Seat 6: ad0c0367 (4,638 in chips)
Seat 7: e5375088 (54,541 in chips)
Seat 8: 5d932f3e (30,378 in chips)
64e75a44: posts the ante 45
5d932f3e: posts the ante 45
ad0c0367: posts the ante 45
e5375088: posts the ante 45
11edd9e9: posts the ante 45
21df59a4: posts the ante 45
9fd6e8b2: posts the ante 45
Hero: posts the ante 45
ad0c0367: posts small blind 150
e5375088: posts big blind 300
*** HOLE CARDS ***
Dealt to 11edd9e9 
Dealt to Hero [9s 7h]
Dealt to 21df59a4 
Dealt to 64e75a44 
Dealt to 9fd6e8b2 
Dealt to ad0c0367 
Dealt to e5375088 
Dealt to 5d932f3e 
5d932f3e: folds
11edd9e9: folds
Hero: folds
21df59a4: raises 300 to 600
64e75a44: calls 600
9fd6e8b2: calls 600
ad0c0367: raises 3,993 to 4,593 and is all-in
e5375088: folds
21df59a4: raises 3,077 to 7,670 and is all-in
64e75a44: calls 7,070
9fd6e8b2: folds
21df59a4: shows [9d 9h]
64e75a44: shows [Th Jh]
ad0c0367: shows [4h 4d]
*** FLOP *** [Jc 6c Kh]
*** TURN *** [Jc 6c Kh] [Kd]
*** RIVER *** [Jc 6c Kh Kd] [Ks]
*** SHOWDOWN ***
64e75a44 collected 15,039 from pot
64e75a44 collected 6,154 from pot
*** SUMMARY ***
Total pot 21,193 | Rake 0 | Jackpot 0 | Bingo 0 | Fortune 0 | Tax 0
Board [Jc 6c Kh Kd Ks]
Seat 1: 11edd9e9 folded before Flop
Seat 2: Hero folded before Flop
Seat 3: 21df59a4 showed [9d 9h] and lost with Kings Full over Nines
Seat 4: 64e75a44 showed [Th Jh] and won (21,193) with Kings Full over Jacks
Seat 5: 9fd6e8b2 (button) folded before Flop
Seat 6: ad0c0367 (small blind) showed [4h 4d] and lost with Kings Full over Fours
Seat 7: e5375088 (big blind) folded before Flop
Seat 8: 5d932f3e folded before Flop


Poker Hand #TM3579176187: Tournament #158060956, Bounty Hunters Special $1.08 Hold'em No Limit - Level6(150/300) - 2024/08/14 10:35:22
Table '57' 8-max Seat #4 is the button
Seat 1: 11edd9e9 (16,673 in chips)
Seat 2: Hero (12,314 in chips)
Seat 3: 21df59a4 (7,760 in chips)
Seat 4: 64e75a44 (34,692 in chips)
Seat 5: 9fd6e8b2 (20,373 in chips)
Seat 6: ad0c0367 (4,983 in chips)
Seat 7: e5375088 (54,586 in chips)
Seat 8: 5d932f3e (27,353 in chips)
64e75a44: posts the ante 45
5d932f3e: posts the ante 45
ad0c0367: posts the ante 45
e5375088: posts the ante 45
11edd9e9: posts the ante 45
21df59a4: posts the ante 45
9fd6e8b2: posts the ante 45
Hero: posts the ante 45
9fd6e8b2: posts small blind 150
ad0c0367: posts big blind 300
*** HOLE CARDS ***
Dealt to 11edd9e9 
Dealt to Hero [8c 3h]
Dealt to 21df59a4 
Dealt to 64e75a44 
Dealt to 9fd6e8b2 
Dealt to ad0c0367 
Dealt to e5375088 
Dealt to 5d932f3e 
e5375088: folds
5d932f3e: calls 300
11edd9e9: folds
Hero: folds
21df59a4: folds
64e75a44: raises 900 to 1,200
9fd6e8b2: folds
ad0c0367: folds
5d932f3e: raises 1,060 to 2,260
64e75a44: calls 1,060
*** FLOP *** [9h 7s 2s]
5d932f3e: bets 1,759
64e75a44: folds
Uncalled bet (1,759) returned to 5d932f3e
*** SHOWDOWN ***
5d932f3e collected 5,330 from pot
*** SUMMARY ***
Total pot 5,330 | Rake 0 | Jackpot 0 | Bingo 0 | Fortune 0 | Tax 0
Board [9h 7s 2s]
Seat 1: 11edd9e9 folded before Flop
Seat 2: Hero folded before Flop
Seat 3: 21df59a4 folded before Flop
Seat 4: 64e75a44 (button) folded on the Flop
Seat 5: 9fd6e8b2 (small blind) folded before Flop
Seat 6: ad0c0367 (big blind) folded before Flop
Seat 7: e5375088 folded before Flop
Seat 8: 5d932f3e won (5,330)


Poker Hand #TM3579176171: Tournament #158060956, Bounty Hunters Special $1.08 Hold'em No Limit - Level6(150/300) - 2024/08/14 10:33:58
Table '57' 8-max Seat #3 is the button
Seat 1: 11edd9e9 (16,718 in chips)
Seat 2: Hero (12,359 in chips)
Seat 3: 21df59a4 (7,805 in chips)
Seat 4: 64e75a44 (27,937 in chips)
Seat 5: 9fd6e8b2 (20,718 in chips)
Seat 6: ad0c0367 (9,968 in chips)
Seat 7: e5375088 (54,631 in chips)
Seat 8: 5d932f3e (28,598 in chips)
5d932f3e: posts the ante 45
64e75a44: posts the ante 45
ad0c0367: posts the ante 45
e5375088: posts the ante 45
11edd9e9: posts the ante 45
21df59a4: posts the ante 45
9fd6e8b2: posts the ante 45
Hero: posts the ante 45
64e75a44: posts small blind 150
9fd6e8b2: posts big blind 300
*** HOLE CARDS ***
Dealt to 11edd9e9 
Dealt to Hero [6c Kh]
Dealt to 21df59a4 
Dealt to 64e75a44 
Dealt to 9fd6e8b2 
Dealt to ad0c0367 
Dealt to e5375088 
Dealt to 5d932f3e 
ad0c0367: calls 300
e5375088: folds
5d932f3e: calls 300
11edd9e9: folds
Hero: folds
21df59a4: folds
64e75a44: raises 900 to 1,200
9fd6e8b2: folds
ad0c0367: calls 900
5d932f3e: calls 900
*** FLOP *** [6h 7s 8c]
64e75a44: bets 1,406
ad0c0367: calls 1,406
5d932f3e: folds
*** TURN *** [6h 7s 8c] [Js]
64e75a44: bets 2,334
ad0c0367: calls 2,334
*** RIVER *** [6h 7s 8c Js] [4d]
64e75a44: bets 3,875
ad0c0367: folds
Uncalled bet (3,875) returned to 64e75a44
*** SHOWDOWN ***
64e75a44 collected 11,740 from pot
*** SUMMARY ***
Total pot 11,740 | Rake 0 | Jackpot 0 | Bingo 0 | Fortune 0 | Tax 0
Board [6h 7s 8c Js 4d]
Seat 1: 11edd9e9 folded before Flop
Seat 2: Hero folded before Flop
Seat 3: 21df59a4 (button) folded before Flop
Seat 4: 64e75a44 (small blind) won (11,740)
Seat 5: 9fd6e8b2 (big blind) folded before Flop
Seat 6: ad0c0367 folded on the River
Seat 7: e5375088 folded before Flop
Seat 8: 5d932f3e folded on the Flop


Poker Hand #TM3579176159: Tournament #158060956, Bounty Hunters Special $1.08 Hold'em No Limit - Level6(150/300) - 2024/08/14 10:32:37
Table '57' 8-max Seat #2 is the button
Seat 1: 11edd9e9 (16,763 in chips)
Seat 2: Hero (12,404 in chips)
Seat 3: 21df59a4 (8,000 in chips)
Seat 4: 64e75a44 (28,582 in chips)
Seat 5: 9fd6e8b2 (20,763 in chips)
Seat 6: ad0c0367 (10,013 in chips)
Seat 7: e5375088 (53,566 in chips)
Seat 8: 5d932f3e (28,643 in chips)
5d932f3e: posts the ante 45
64e75a44: posts the ante 45
ad0c0367: posts the ante 45
e5375088: posts the ante 45
11edd9e9: posts the ante 45
21df59a4: posts the ante 45
9fd6e8b2: posts the ante 45
Hero: posts the ante 45
21df59a4: posts small blind 150
64e75a44: posts big blind 300
*** HOLE CARDS ***
Dealt to 11edd9e9 
Dealt to Hero [4d 9h]
Dealt to 21df59a4 
Dealt to 64e75a44 
Dealt to 9fd6e8b2 
Dealt to ad0c0367 
Dealt to e5375088 
Dealt to 5d932f3e 
9fd6e8b2: folds
ad0c0367: folds
e5375088: raises 300 to 600
5d932f3e: folds
11edd9e9: folds
Hero: folds
21df59a4: folds
64e75a44: calls 300
*** FLOP *** [8s 6h Ah]
64e75a44: checks
e5375088: checks
*** TURN *** [8s 6h Ah] [Kc]
64e75a44: checks
e5375088: bets 1,283
64e75a44: folds
Uncalled bet (1,283) returned to e5375088
*** SHOWDOWN ***
e5375088 collected 1,710 from pot
*** SUMMARY ***
Total pot 1,710 | Rake 0 | Jackpot 0 | Bingo 0 | Fortune 0 | Tax 0
Board [8s 6h Ah Kc]
Seat 1: 11edd9e9 folded before Flop
Seat 2: Hero (button) folded before Flop
Seat 3: 21df59a4 (small blind) folded before Flop
Seat 4: 64e75a44 (big blind) folded on the Turn
Seat 5: 9fd6e8b2 folded before Flop
Seat 6: ad0c0367 folded before Flop
Seat 7: e5375088 won (1,710)
Seat 8: 5d932f3e folded before Flop


Poker Hand #TM3579176145: Tournament #158060956, Bounty Hunters Special $1.08 Hold'em No Limit - Level6(150/300) - 2024/08/14 10:31:22
Table '57' 8-max Seat #1 is the button
Seat 1: 11edd9e9 (16,808 in chips)
Seat 2: Hero (12,749 in chips)
Seat 3: 21df59a4 (8,345 in chips)
Seat 4: 64e75a44 (28,627 in chips)
Seat 5: 9fd6e8b2 (20,808 in chips)
Seat 6: ad0c0367 (10,058 in chips)
Seat 7: e5375088 (53,611 in chips)
Seat 8: 5d932f3e (27,728 in chips)
5d932f3e: posts the ante 45
64e75a44: posts the ante 45
ad0c0367: posts the ante 45
e5375088: posts the ante 45
11edd9e9: posts the ante 45
21df59a4: posts the ante 45
9fd6e8b2: posts the ante 45
Hero: posts the ante 45
Hero: posts small blind 150
21df59a4: posts big blind 300
*** HOLE CARDS ***
Dealt to 11edd9e9 
Dealt to Hero [Kd 7c]
Dealt to 21df59a4 
Dealt to 64e75a44 
Dealt to 9fd6e8b2 
Dealt to ad0c0367 
Dealt to e5375088 
Dealt to 5d932f3e 
64e75a44: folds
9fd6e8b2: folds
ad0c0367: folds
e5375088: folds
5d932f3e: calls 300
11edd9e9: folds
Hero: calls 150
21df59a4: checks
*** FLOP *** [Jh 3c Tc]
Hero: checks
21df59a4: checks
5d932f3e: bets 600
Hero: folds
21df59a4: folds
Uncalled bet (600) returned to 5d932f3e
*** SHOWDOWN ***
5d932f3e collected 1,260 from pot
*** SUMMARY ***
Total pot 1,260 | Rake 0 | Jackpot 0 | Bingo 0 | Fortune 0 | Tax 0
Board [Jh 3c Tc]
Seat 1: 11edd9e9 (button) folded before Flop
Seat 2: Hero (small blind) folded on the Flop
Seat 3: 21df59a4 (big blind) folded on the Flop
Seat 4: 64e75a44 folded before Flop
Seat 5: 9fd6e8b2 folded before Flop
Seat 6: ad0c0367 folded before Flop
Seat 7: e5375088 folded before Flop
Seat 8: 5d932f3e won (1,260)


Poker Hand #TM3579176127: Tournament #158060956, Bounty Hunters Special $1.08 Hold'em No Limit - Level6(150/300) - 2024/08/14 10:29:50
Table '57' 8-max Seat #8 is the button
Seat 1: 11edd9e9 (17,003 in chips)
Seat 2: Hero (13,094 in chips)
Seat 3: 21df59a4 (8,390 in chips)
Seat 4: 64e75a44 (28,672 in chips)
Seat 5: 9fd6e8b2 (20,853 in chips)
Seat 6: ad0c0367 (10,103 in chips)
Seat 7: e5375088 (57,271 in chips)
Seat 8: 5d932f3e (23,348 in chips)
5d932f3e: posts the ante 45
64e75a44: posts the ante 45
ad0c0367: posts the ante 45
e5375088: posts the ante 45
11edd9e9: posts the ante 45
21df59a4: posts the ante 45
9fd6e8b2: posts the ante 45
Hero: posts the ante 45
11edd9e9: posts small blind 150
Hero: posts big blind 300
*** HOLE CARDS ***
Dealt to 11edd9e9 
Dealt to Hero [9s 2c]
Dealt to 21df59a4 
Dealt to 64e75a44 
Dealt to 9fd6e8b2 
Dealt to ad0c0367 
Dealt to e5375088 
Dealt to 5d932f3e 
21df59a4: folds
64e75a44: folds
9fd6e8b2: folds
ad0c0367: folds
e5375088: raises 300 to 600
5d932f3e: calls 600
11edd9e9: folds
Hero: folds
*** FLOP *** [8d Qs As]
e5375088: bets 1,005
5d932f3e: calls 1,005
*** TURN *** [8d Qs As] [5d]
e5375088: checks
5d932f3e: bets 2,010
e5375088: calls 2,010
*** RIVER *** [8d Qs As 5d] [6s]
e5375088: checks
5d932f3e: bets 2,654
e5375088: folds
Uncalled bet (2,654) returned to 5d932f3e
*** SHOWDOWN ***
5d932f3e collected 8,040 from pot
*** SUMMARY ***
Total pot 8,040 | Rake 0 | Jackpot 0 | Bingo 0 | Fortune 0 | Tax 0
Board [8d Qs As 5d 6s]
Seat 1: 11edd9e9 (small blind) folded before Flop
Seat 2: Hero (big blind) folded before Flop
Seat 3: 21df59a4 folded before Flop
Seat 4: 64e75a44 folded before Flop
Seat 5: 9fd6e8b2 folded before Flop
Seat 6: ad0c0367 folded before Flop
Seat 7: e5375088 folded on the River
Seat 8: 5d932f3e (button) won (8,040)


Poker Hand #TM3579176120: Tournament #158060956, Bounty Hunters Special $1.08 Hold'em No Limit - Level6(150/300) - 2024/08/14 10:29:04
Table '57' 8-max Seat #7 is the button
Seat 1: 11edd9e9 (17,348 in chips)
Seat 2: Hero (13,139 in chips)
Seat 3: 21df59a4 (8,435 in chips)
Seat 4: 64e75a44 (28,717 in chips)
Seat 5: 9fd6e8b2 (21,498 in chips)
Seat 6: ad0c0367 (8,738 in chips)
Seat 7: e5375088 (57,316 in chips)
Seat 8: 5d932f3e (23,543 in chips)
64e75a44: posts the ante 45
5d932f3e: posts the ante 45
ad0c0367: posts the ante 45
e5375088: posts the ante 45
11edd9e9: posts the ante 45
21df59a4: posts the ante 45
9fd6e8b2: posts the ante 45
Hero: posts the ante 45
5d932f3e: posts small blind 150
11edd9e9: posts big blind 300
*** HOLE CARDS ***
Dealt to 11edd9e9 
Dealt to Hero [9s 6s]
Dealt to 21df59a4 
Dealt to 64e75a44 
Dealt to 9fd6e8b2 
Dealt to ad0c0367 
Dealt to e5375088 
Dealt to 5d932f3e 
Hero: folds
21df59a4: folds
64e75a44: folds
9fd6e8b2: raises 300 to 600
ad0c0367: raises 8,093 to 8,693 and is all-in
e5375088: folds
5d932f3e: folds
11edd9e9: folds
9fd6e8b2: folds
Uncalled bet (8,093) returned to ad0c0367
*** SHOWDOWN ***
ad0c0367 collected 2,010 from pot
*** SUMMARY ***
Total pot 2,010 | Rake 0 | Jackpot 0 | Bingo 0 | Fortune 0 | Tax 0
Seat 1: 11edd9e9 (big blind) folded before Flop
Seat 2: Hero folded before Flop
Seat 3: 21df59a4 folded before Flop
Seat 4: 64e75a44 folded before Flop
Seat 5: 9fd6e8b2 folded before Flop
Seat 6: ad0c0367 collected (2,010)
Seat 7: e5375088 (button) folded before Flop
Seat 8: 5d932f3e (small blind) folded before Flop


Poker Hand #TM3579176109: Tournament #158060956, Bounty Hunters Special $1.08 Hold'em No Limit - Level6(150/300) - 2024/08/14 10:28:13
Table '57' 8-max Seat #6 is the button
Seat 1: 11edd9e9 (17,393 in chips)
Seat 2: Hero (13,844 in chips)
Seat 3: 21df59a4 (8,480 in chips)
Seat 4: 64e75a44 (26,272 in chips)
Seat 5: 9fd6e8b2 (22,203 in chips)
Seat 6: ad0c0367 (8,783 in chips)
Seat 7: e5375088 (57,511 in chips)
Seat 8: 5d932f3e (24,248 in chips)
64e75a44: posts the ante 45
5d932f3e: posts the ante 45
ad0c0367: posts the ante 45
e5375088: posts the ante 45
11edd9e9: posts the ante 45
21df59a4: posts the ante 45
9fd6e8b2: posts the ante 45
Hero: posts the ante 45
e5375088: posts small blind 150
5d932f3e: posts big blind 300
*** HOLE CARDS ***
Dealt to 11edd9e9 
Dealt to Hero [Th Td]
Dealt to 21df59a4 
Dealt to 64e75a44 
Dealt to 9fd6e8b2 
Dealt to ad0c0367 
Dealt to e5375088 
Dealt to 5d932f3e 
11edd9e9: folds
Hero: raises 360 to 660
21df59a4: folds
64e75a44: calls 660
9fd6e8b2: calls 660
ad0c0367: folds
e5375088: folds
5d932f3e: calls 360
*** FLOP *** [Qd 3c 2d]
5d932f3e: checks
Hero: checks
64e75a44: bets 1,200
9fd6e8b2: folds
5d932f3e: folds
Hero: folds
Uncalled bet (1,200) returned to 64e75a44
*** SHOWDOWN ***
64e75a44 collected 3,150 from pot
*** SUMMARY ***
Total pot 3,150 | Rake 0 | Jackpot 0 | Bingo 0 | Fortune 0 | Tax 0
Board [Qd 3c 2d]
Seat 1: 11edd9e9 folded before Flop
Seat 2: Hero folded on the Flop
Seat 3: 21df59a4 folded before Flop
Seat 4: 64e75a44 won (3,150)
Seat 5: 9fd6e8b2 folded on the Flop
Seat 6: ad0c0367 (button) folded before Flop
Seat 7: e5375088 (small blind) folded before Flop
Seat 8: 5d932f3e (big blind) folded on the Flop


Poker Hand #TM3579176093: Tournament #158060956, Bounty Hunters Special $1.08 Hold'em No Limit - Level5(125/250) - 2024/08/14 10:26:52
Table '57' 8-max Seat #4 is the button
Seat 1: 11edd9e9 (17,678 in chips)
Seat 2: Hero (13,879 in chips)
Seat 3: 21df59a4 (8,515 in chips)
Seat 4: 64e75a44 (26,307 in chips)
Seat 6: ad0c0367 (8,943 in chips)
Seat 7: e5375088 (55,836 in chips)
Seat 8: 5d932f3e (25,373 in chips)
64e75a44: posts the ante 35
5d932f3e: posts the ante 35
ad0c0367: posts the ante 35
e5375088: posts the ante 35
11edd9e9: posts the ante 35
21df59a4: posts the ante 35
Hero: posts the ante 35
ad0c0367: posts small blind 125
e5375088: posts big blind 250
*** HOLE CARDS ***
Dealt to 11edd9e9 
Dealt to Hero [Ts 5c]
Dealt to 21df59a4 
Dealt to 64e75a44 
Dealt to ad0c0367 
Dealt to e5375088 
Dealt to 5d932f3e 
5d932f3e: calls 250
11edd9e9: calls 250
Hero: folds
21df59a4: folds
64e75a44: folds
ad0c0367: folds
e5375088: raises 840 to 1,090
5d932f3e: calls 840
11edd9e9: folds
*** FLOP *** [9c Jh 9s]
e5375088: checks
5d932f3e: checks
*** TURN *** [9c Jh 9s] [Ac]
e5375088: checks
5d932f3e: checks
*** RIVER *** [9c Jh 9s Ac] [6h]
e5375088: checks
5d932f3e: checks
e5375088: shows [Kh Qd] (Pair of Nines)
5d932f3e: shows [7h Qh] (Pair of Nines)
*** SHOWDOWN ***
e5375088 collected 2,800 from pot
*** SUMMARY ***
Total pot 2,800 | Rake 0 | Jackpot 0 | Bingo 0 | Fortune 0 | Tax 0
Board [9c Jh 9s Ac 6h]
Seat 1: 11edd9e9 folded before Flop
Seat 2: Hero folded before Flop
Seat 3: 21df59a4 folded before Flop
Seat 4: 64e75a44 (button) folded before Flop
Seat 6: ad0c0367 (small blind) folded before Flop
Seat 7: e5375088 (big blind) showed [Kh Qd] and won (2,800) with Pair of Nines
Seat 8: 5d932f3e showed [7h Qh] and lost with Pair of Nines


Poker Hand #TM3579176084: Tournament #158060956, Bounty Hunters Special $1.08 Hold'em No Limit - Level5(125/250) - 2024/08/14 10:25:51
Table '57' 8-max Seat #3 is the button
Seat 1: 11edd9e9 (17,713 in chips)
Seat 2: Hero (13,914 in chips)
Seat 3: 21df59a4 (8,550 in chips)
Seat 4: 64e75a44 (26,467 in chips)
Seat 5: 71f588b7 (9,895 in chips)
Seat 6: ad0c0367 (2,881 in chips)
Seat 7: e5375088 (51,703 in chips)
Seat 8: 5d932f3e (25,408 in chips)
5d932f3e: posts the ante 35
64e75a44: posts the ante 35
ad0c0367: posts the ante 35
e5375088: posts the ante 35
11edd9e9: posts the ante 35
71f588b7: posts the ante 35
21df59a4: posts the ante 35
Hero: posts the ante 35
64e75a44: posts small blind 125
71f588b7: posts big blind 250
*** HOLE CARDS ***
Dealt to 11edd9e9 
Dealt to Hero [4s 3s]
Dealt to 21df59a4 
Dealt to 64e75a44 
Dealt to 71f588b7 
Dealt to ad0c0367 
Dealt to e5375088 
Dealt to 5d932f3e 
ad0c0367: raises 2,596 to 2,846 and is all-in
e5375088: calls 2,846
5d932f3e: folds
11edd9e9: folds
Hero: folds
21df59a4: folds
64e75a44: folds
71f588b7: raises 7,014 to 9,860 and is all-in
e5375088: calls 7,014
71f588b7: shows [Js Ah]
ad0c0367: shows [9d As]
e5375088: shows [9c 7c]
*** FLOP *** [4c 9s Th]
*** TURN *** [4c 9s Th] [2s]
*** RIVER *** [4c 9s Th 2s] [5s]
Hero: shows [4s 3s] (Nine High Flush)
*** SHOWDOWN ***
ad0c0367 collected 8,943 from pot
e5375088 collected 14,028 from pot
*** SUMMARY ***
Total pot 22,971 | Rake 0 | Jackpot 0 | Bingo 0 | Fortune 0 | Tax 0
Board [4c 9s Th 2s 5s]
Seat 1: 11edd9e9 folded before Flop
Seat 2: Hero folded before Flop
Seat 3: 21df59a4 (button) folded before Flop
Seat 4: 64e75a44 (small blind) folded before Flop
Seat 5: 71f588b7 (big blind) showed [Js Ah] and lost with Ace-High
Seat 6: ad0c0367 showed [9d As] and won (8,943) with Pair of Nines
Seat 7: e5375088 showed [9c 7c] and won (14,028) with Pair of Nines
Seat 8: 5d932f3e folded before Flop


Poker Hand #TM3579176073: Tournament #158060956, Bounty Hunters Special $1.08 Hold'em No Limit - Level5(125/250) - 2024/08/14 10:24:58
Table '57' 8-max Seat #2 is the button
Seat 1: 11edd9e9 (17,748 in chips)
Seat 2: Hero (13,949 in chips)
Seat 3: 21df59a4 (8,710 in chips)
Seat 4: 64e75a44 (27,051 in chips)
Seat 5: 71f588b7 (9,930 in chips)
Seat 6: ad0c0367 (2,916 in chips)
Seat 7: e5375088 (51,738 in chips)
Seat 8: 5d932f3e (24,489 in chips)
5d932f3e: posts the ante 35
64e75a44: posts the ante 35
ad0c0367: posts the ante 35
e5375088: posts the ante 35
11edd9e9: posts the ante 35
71f588b7: posts the ante 35
21df59a4: posts the ante 35
Hero: posts the ante 35
21df59a4: posts small blind 125
64e75a44: posts big blind 250
*** HOLE CARDS ***
Dealt to 11edd9e9 
Dealt to Hero [7s Kc]
Dealt to 21df59a4 
Dealt to 64e75a44 
Dealt to 71f588b7 
Dealt to ad0c0367 
Dealt to e5375088 
Dealt to 5d932f3e 
71f588b7: folds
ad0c0367: folds
e5375088: folds
5d932f3e: calls 250
11edd9e9: folds
Hero: folds
21df59a4: folds
64e75a44: checks
*** FLOP *** [9s Qc 6h]
64e75a44: checks
5d932f3e: checks
*** TURN *** [9s Qc 6h] [2s]
64e75a44: checks
5d932f3e: bets 299
64e75a44: calls 299
*** RIVER *** [9s Qc 6h 2s] [7d]
64e75a44: checks
5d932f3e: checks
64e75a44: shows [Kd 6d] (Pair of Sixes)
5d932f3e: shows [Ah 6s] (Pair of Sixes)
*** SHOWDOWN ***
5d932f3e collected 1,503 from pot
*** SUMMARY ***
Total pot 1,503 | Rake 0 | Jackpot 0 | Bingo 0 | Fortune 0 | Tax 0
Board [9s Qc 6h 2s 7d]
Seat 1: 11edd9e9 folded before Flop
Seat 2: Hero (button) folded before Flop
Seat 3: 21df59a4 (small blind) folded before Flop
Seat 4: 64e75a44 (big blind) showed [Kd 6d] and lost with Pair of Sixes
Seat 5: 71f588b7 folded before Flop
Seat 6: ad0c0367 folded before Flop
Seat 7: e5375088 folded before Flop
Seat 8: 5d932f3e showed [Ah 6s] and won (1,503) with Pair of Sixes


Poker Hand #TM3579176060: Tournament #158060956, Bounty Hunters Special $1.08 Hold'em No Limit - Level5(125/250) - 2024/08/14 10:23:51
Table '57' 8-max Seat #1 is the button
Seat 1: 11edd9e9 (17,783 in chips)
Seat 2: Hero (14,109 in chips)
Seat 3: 21df59a4 (8,995 in chips)
Seat 4: 64e75a44 (27,086 in chips)
Seat 5: 71f588b7 (9,965 in chips)
Seat 6: ad0c0367 (5,539 in chips)
Seat 7: e5375088 (48,530 in chips)
Seat 8: 5d932f3e (24,524 in chips)
5d932f3e: posts the ante 35
64e75a44: posts the ante 35
ad0c0367: posts the ante 35
e5375088: posts the ante 35
11edd9e9: posts the ante 35
71f588b7: posts the ante 35
21df59a4: posts the ante 35
Hero: posts the ante 35
Hero: posts small blind 125
21df59a4: posts big blind 250
*** HOLE CARDS ***
Dealt to 11edd9e9 
Dealt to Hero [4d Th]
Dealt to 21df59a4 
Dealt to 64e75a44 
Dealt to 71f588b7 
Dealt to ad0c0367 
Dealt to e5375088 
Dealt to 5d932f3e 
64e75a44: folds
71f588b7: folds
ad0c0367: raises 300 to 550
e5375088: calls 550
5d932f3e: folds
11edd9e9: folds
Hero: folds
21df59a4: folds
*** FLOP *** [Qc Js 5h]
ad0c0367: bets 580
e5375088: raises 1,458 to 2,038
ad0c0367: calls 1,458
*** TURN *** [Qc Js 5h] [8h]
ad0c0367: checks
e5375088: bets 2,916
ad0c0367: folds
Uncalled bet (2,916) returned to e5375088
e5375088: shows [Kh Td] (King-High)
*** SHOWDOWN ***
e5375088 collected 5,831 from pot
*** SUMMARY ***
Total pot 5,831 | Rake 0 | Jackpot 0 | Bingo 0 | Fortune 0 | Tax 0
Board [Qc Js 5h 8h]
Seat 1: 11edd9e9 (button) folded before Flop
Seat 2: Hero (small blind) folded before Flop
Seat 3: 21df59a4 (big blind) folded before Flop
Seat 4: 64e75a44 folded before Flop
Seat 5: 71f588b7 folded before Flop
Seat 6: ad0c0367 folded on the Turn
Seat 7: e5375088 showed [Kh Td] and won (5,831)
Seat 8: 5d932f3e folded before Flop


Poker Hand #TM3579176047: Tournament #158060956, Bounty Hunters Special $1.08 Hold'em No Limit - Level5(125/250) - 2024/08/14 10:22:39
Table '57' 8-max Seat #8 is the button
Seat 1: 11edd9e9 (17,943 in chips)
Seat 2: Hero (14,719 in chips)
Seat 3: 21df59a4 (3,755 in chips)
Seat 4: 64e75a44 (27,121 in chips)
Seat 5: 71f588b7 (10,000 in chips)
Seat 6: ad0c0367 (5,574 in chips)
Seat 7: e5375088 (52,285 in chips)
Seat 8: 5d932f3e (25,134 in chips)
5d932f3e: posts the ante 35
64e75a44: posts the ante 35
ad0c0367: posts the ante 35
e5375088: posts the ante 35
71f588b7: posts the ante 35
11edd9e9: posts the ante 35
21df59a4: posts the ante 35
Hero: posts the ante 35
11edd9e9: posts small blind 125
Hero: posts big blind 250
*** HOLE CARDS ***
Dealt to 11edd9e9 
Dealt to Hero [Ad 8c]
Dealt to 21df59a4 
Dealt to 64e75a44 
Dealt to 71f588b7 
Dealt to ad0c0367 
Dealt to e5375088 
Dealt to 5d932f3e 
21df59a4: raises 325 to 575
64e75a44: folds
71f588b7: folds
ad0c0367: folds
e5375088: calls 575
5d932f3e: calls 575
11edd9e9: folds
Hero: calls 325
*** FLOP *** [2c Qh 5d]
Hero: checks
21df59a4: bets 1,000
e5375088: calls 1,000
5d932f3e: folds
Hero: folds
*** TURN *** [2c Qh 5d] [6c]
21df59a4: bets 2,145 and is all-in
e5375088: calls 2,145
21df59a4: shows [As Ah] (Pair of Aces)
e5375088: shows [Kc Qd] (Pair of Queens)
*** RIVER *** [2c Qh 5d 6c] [3h]
*** SHOWDOWN ***
21df59a4 collected 8,995 from pot
*** SUMMARY ***
Total pot 8,995 | Rake 0 | Jackpot 0 | Bingo 0 | Fortune 0 | Tax 0
Board [2c Qh 5d 6c 3h]
Seat 1: 11edd9e9 (small blind) folded before Flop
Seat 2: Hero (big blind) folded on the Flop
Seat 3: 21df59a4 showed [As Ah] and won (8,995) with Pair of Aces
Seat 4: 64e75a44 folded before Flop
Seat 5: 71f588b7 folded before Flop
Seat 6: ad0c0367 folded before Flop
Seat 7: e5375088 showed [Kc Qd] and lost with Pair of Queens
Seat 8: 5d932f3e (button) folded on the Flop


Poker Hand #TM3579176029: Tournament #158060956, Bounty Hunters Special $1.08 Hold'em No Limit - Level5(125/250) - 2024/08/14 10:21:07
Table '57' 8-max Seat #7 is the button
Seat 1: 11edd9e9 (18,228 in chips)
Seat 2: Hero (14,754 in chips)
Seat 3: 21df59a4 (4,290 in chips)
Seat 4: 64e75a44 (27,156 in chips)
Seat 6: ad0c0367 (9,965 in chips)
Seat 7: e5375088 (52,320 in chips)
Seat 8: 5d932f3e (19,818 in chips)
64e75a44: posts the ante 35
5d932f3e: posts the ante 35
ad0c0367: posts the ante 35
e5375088: posts the ante 35
11edd9e9: posts the ante 35
21df59a4: posts the ante 35
Hero: posts the ante 35
5d932f3e: posts small blind 125
11edd9e9: posts big blind 250
*** HOLE CARDS ***
Dealt to 11edd9e9 
Dealt to Hero [Kh 2c]
Dealt to 21df59a4 
Dealt to 64e75a44 
Dealt to ad0c0367 
Dealt to e5375088 
Dealt to 5d932f3e 
Hero: folds
21df59a4: raises 250 to 500
64e75a44: folds
ad0c0367: raises 1,700 to 2,200
e5375088: folds
5d932f3e: calls 2,075
11edd9e9: folds
21df59a4: folds
*** FLOP *** [Qh 7d 9h]
5d932f3e: checks
ad0c0367: bets 2,156
5d932f3e: calls 2,156
*** TURN *** [Qh 7d 9h] [Qc]
5d932f3e: checks
ad0c0367: checks
*** RIVER *** [Qh 7d 9h Qc] [Td]
5d932f3e: bets 9,707
ad0c0367: folds
Uncalled bet (9,707) returned to 5d932f3e
*** SHOWDOWN ***
5d932f3e collected 9,707 from pot
*** SUMMARY ***
Total pot 9,707 | Rake 0 | Jackpot 0 | Bingo 0 | Fortune 0 | Tax 0
Board [Qh 7d 9h Qc Td]
Seat 1: 11edd9e9 (big blind) folded before Flop
Seat 2: Hero folded before Flop
Seat 3: 21df59a4 folded before Flop
Seat 4: 64e75a44 folded before Flop
Seat 6: ad0c0367 folded on the River
Seat 7: e5375088 (button) folded before Flop
Seat 8: 5d932f3e (small blind) won (9,707)


Poker Hand #TM3579176010: Tournament #158060956, Bounty Hunters Special $1.08 Hold'em No Limit - Level5(125/250) - 2024/08/14 10:19:34
Table '57' 8-max Seat #5 is the button
Seat 1: 11edd9e9 (18,513 in chips)
Seat 2: Hero (14,789 in chips)
Seat 3: 21df59a4 (4,825 in chips)
Seat 4: 64e75a44 (27,191 in chips)
Seat 5: 39bdb6ac (9,780 in chips)
Seat 7: e5375088 (41,365 in chips)
Seat 8: 5d932f3e (20,103 in chips)
39bdb6ac: posts the ante 35
64e75a44: posts the ante 35
5d932f3e: posts the ante 35
e5375088: posts the ante 35
11edd9e9: posts the ante 35
21df59a4: posts the ante 35
Hero: posts the ante 35
e5375088: posts small blind 125
5d932f3e: posts big blind 250
*** HOLE CARDS ***
Dealt to 11edd9e9 
Dealt to Hero [Kc 2d]
Dealt to 21df59a4 
Dealt to 64e75a44 
Dealt to 39bdb6ac 
Dealt to e5375088 
Dealt to 5d932f3e 
11edd9e9: calls 250
Hero: folds
21df59a4: raises 250 to 500
64e75a44: folds
39bdb6ac: calls 500
e5375088: raises 1,684 to 2,184
5d932f3e: folds
11edd9e9: folds
21df59a4: folds
39bdb6ac: calls 1,684
*** FLOP *** [3h 4h 7d]
e5375088: bets 2,807
39bdb6ac: calls 2,807
*** TURN *** [3h 4h 7d] [Tc]
e5375088: bets 5,614
39bdb6ac: calls 4,754 and is all-in
Uncalled bet (860) returned to e5375088
e5375088: shows [Qc Jc] (Queen-High)
39bdb6ac: shows [6d 8d] (Ten-High)
*** RIVER *** [3h 4h 7d Tc] [Qd]
*** SHOWDOWN ***
e5375088 collected 20,735 from pot
*** SUMMARY ***
Total pot 20,735 | Rake 0 | Jackpot 0 | Bingo 0 | Fortune 0 | Tax 0
Board [3h 4h 7d Tc Qd]
Seat 1: 11edd9e9 folded before Flop
Seat 2: Hero folded before Flop
Seat 3: 21df59a4 folded before Flop
Seat 4: 64e75a44 folded before Flop
Seat 5: 39bdb6ac (button) showed [6d 8d] and lost with Queen-High
Seat 7: e5375088 (small blind) showed [Qc Jc] and won (20,735) with Pair of Queens
Seat 8: 5d932f3e (big blind) folded before Flop


Poker Hand #TM3579175994: Tournament #158060956, Bounty Hunters Special $1.08 Hold'em No Limit - Level5(125/250) - 2024/08/14 10:18:06
Table '57' 8-max Seat #4 is the button
Seat 1: 11edd9e9 (18,548 in chips)
Seat 2: Hero (14,824 in chips)
Seat 3: 21df59a4 (4,860 in chips)
Seat 4: 64e75a44 (27,226 in chips)
Seat 5: 39bdb6ac (9,940 in chips)
Seat 6: 525a0c62 (9,803 in chips)
Seat 7: e5375088 (41,400 in chips)
Seat 8: 5d932f3e (9,965 in chips)
39bdb6ac: posts the ante 35
64e75a44: posts the ante 35
5d932f3e: posts the ante 35
e5375088: posts the ante 35
11edd9e9: posts the ante 35
21df59a4: posts the ante 35
525a0c62: posts the ante 35
Hero: posts the ante 35
39bdb6ac: posts small blind 125
525a0c62: posts big blind 250
*** HOLE CARDS ***
Dealt to 11edd9e9 
Dealt to Hero [3h 7h]
Dealt to 21df59a4 
Dealt to 64e75a44 
Dealt to 39bdb6ac 
Dealt to 525a0c62 
Dealt to e5375088 
Dealt to 5d932f3e 
e5375088: folds
5d932f3e: raises 250 to 500
11edd9e9: folds
Hero: folds
21df59a4: folds
64e75a44: folds
39bdb6ac: folds
525a0c62: raises 9,268 to 9,768 and is all-in
5d932f3e: calls 9,268
525a0c62: shows [9s Ah]
5d932f3e: shows [Kc Kd]
*** FLOP *** [6c 6s Jc]
*** TURN *** [6c 6s Jc] [Qd]
*** RIVER *** [6c 6s Jc Qd] [Qc]
*** SHOWDOWN ***
5d932f3e collected 19,941 from pot
*** SUMMARY ***
Total pot 19,941 | Rake 0 | Jackpot 0 | Bingo 0 | Fortune 0 | Tax 0
Board [6c 6s Jc Qd Qc]
Seat 1: 11edd9e9 folded before Flop
Seat 2: Hero folded before Flop
Seat 3: 21df59a4 folded before Flop
Seat 4: 64e75a44 (button) folded before Flop
Seat 5: 39bdb6ac (small blind) folded before Flop
Seat 6: 525a0c62 (big blind) showed [9s Ah] and lost with Pair of Queens and Pair of Sixes
Seat 7: e5375088 folded before Flop
Seat 8: 5d932f3e showed [Kc Kd] and won (19,941) with Pair of Kings and Pair of Queens


Poker Hand #TM3579175986: Tournament #158060956, Bounty Hunters Special $1.08 Hold'em No Limit - Level5(125/250) - 2024/08/14 10:17:39
Table '57' 8-max Seat #3 is the button
Seat 1: 11edd9e9 (18,583 in chips)
Seat 2: Hero (14,859 in chips)
Seat 3: 21df59a4 (4,895 in chips)
Seat 4: 64e75a44 (27,386 in chips)
Seat 5: 39bdb6ac (9,570 in chips)
Seat 6: 525a0c62 (9,838 in chips)
Seat 7: e5375088 (41,435 in chips)
Seat 8: 5d932f3e (10,000 in chips)
39bdb6ac: posts the ante 35
5d932f3e: posts the ante 35
64e75a44: posts the ante 35
e5375088: posts the ante 35
11edd9e9: posts the ante 35
21df59a4: posts the ante 35
525a0c62: posts the ante 35
Hero: posts the ante 35
64e75a44: posts small blind 125
39bdb6ac: posts big blind 250
*** HOLE CARDS ***
Dealt to 11edd9e9 
Dealt to Hero [Qh 8d]
Dealt to 21df59a4 
Dealt to 64e75a44 
Dealt to 39bdb6ac 
Dealt to 525a0c62 
Dealt to e5375088 
Dealt to 5d932f3e 
525a0c62: folds
e5375088: folds
5d932f3e: folds
11edd9e9: folds
Hero: folds
21df59a4: folds
64e75a44: folds
Uncalled bet (125) returned to 39bdb6ac
*** SHOWDOWN ***
39bdb6ac collected 530 from pot
*** SUMMARY ***
Total pot 530 | Rake 0 | Jackpot 0 | Bingo 0 | Fortune 0 | Tax 0
Seat 1: 11edd9e9 folded before Flop
Seat 2: Hero folded before Flop
Seat 3: 21df59a4 (button) folded before Flop
Seat 4: 64e75a44 (small blind) folded before Flop
Seat 5: 39bdb6ac (big blind) collected (530)
Seat 6: 525a0c62 folded before Flop
Seat 7: e5375088 folded before Flop
Seat 8: 5d932f3e folded before Flop


Poker Hand #TM3579175962: Tournament #158060956, Bounty Hunters Special $1.08 Hold'em No Limit - Level4(100/200) - 2024/08/14 10:15:51
Table '57' 8-max Seat #2 is the button
Seat 1: 11edd9e9 (18,613 in chips)
Seat 2: Hero (14,889 in chips)
Seat 3: 21df59a4 (5,025 in chips)
Seat 4: 64e75a44 (32,565 in chips)
Seat 5: 39bdb6ac (9,800 in chips)
Seat 6: 525a0c62 (9,868 in chips)
Seat 7: e5375088 (35,806 in chips)
39bdb6ac: posts the ante 30
64e75a44: posts the ante 30
e5375088: posts the ante 30
11edd9e9: posts the ante 30
21df59a4: posts the ante 30
525a0c62: posts the ante 30
Hero: posts the ante 30
21df59a4: posts small blind 100
64e75a44: posts big blind 200
*** HOLE CARDS ***
Dealt to 11edd9e9 
Dealt to Hero [9h Ks]
Dealt to 21df59a4 
Dealt to 64e75a44 
Dealt to 39bdb6ac 
Dealt to 525a0c62 
Dealt to e5375088 
39bdb6ac: calls 200
525a0c62: folds
e5375088: raises 683 to 883
11edd9e9: folds
Hero: folds
21df59a4: folds
64e75a44: raises 2,117 to 3,000
39bdb6ac: folds
e5375088: calls 2,117
*** FLOP *** [8d Jc 6c]
64e75a44: bets 2,149
e5375088: calls 2,149
*** TURN *** [8d Jc 6c] [6s]
64e75a44: checks
e5375088: bets 5,404
64e75a44: folds
Uncalled bet (5,404) returned to e5375088
*** SHOWDOWN ***
e5375088 collected 10,808 from pot
*** SUMMARY ***
Total pot 10,808 | Rake 0 | Jackpot 0 | Bingo 0 | Fortune 0 | Tax 0
Board [8d Jc 6c 6s]
Seat 1: 11edd9e9 folded before Flop
Seat 2: Hero (button) folded before Flop
Seat 3: 21df59a4 (small blind) folded before Flop
Seat 4: 64e75a44 (big blind) folded on the Turn
Seat 5: 39bdb6ac folded before Flop
Seat 6: 525a0c62 folded before Flop
Seat 7: e5375088 won (10,808)


Poker Hand #TM3579175950: Tournament #158060956, Bounty Hunters Special $1.08 Hold'em No Limit - Level4(100/200) - 2024/08/14 10:15:06
Table '57' 8-max Seat #1 is the button
Seat 1: 11edd9e9 (18,643 in chips)
Seat 2: Hero (7,704 in chips)
Seat 3: 21df59a4 (5,255 in chips)
Seat 4: 64e75a44 (32,595 in chips)
Seat 5: 39bdb6ac (10,030 in chips)
Seat 6: 525a0c62 (9,898 in chips)
Seat 7: e5375088 (35,836 in chips)
Seat 8: 3d8b7e60 (6,605 in chips)
39bdb6ac: posts the ante 30
3d8b7e60: posts the ante 30
64e75a44: posts the ante 30
e5375088: posts the ante 30
11edd9e9: posts the ante 30
21df59a4: posts the ante 30
525a0c62: posts the ante 30
Hero: posts the ante 30
Hero: posts small blind 100
21df59a4: posts big blind 200
*** HOLE CARDS ***
Dealt to 11edd9e9 
Dealt to Hero [6c 6h]
Dealt to 21df59a4 
Dealt to 64e75a44 
Dealt to 39bdb6ac 
Dealt to 525a0c62 
Dealt to e5375088 
Dealt to 3d8b7e60 
64e75a44: folds
39bdb6ac: calls 200
525a0c62: folds
e5375088: folds
3d8b7e60: raises 6,375 to 6,575 and is all-in
11edd9e9: folds
Hero: calls 6,475
21df59a4: folds
39bdb6ac: folds
3d8b7e60: shows [4c 4h]
Hero: shows [6c 6h]
*** FLOP *** [7h 7s Jd]
*** TURN *** [7h 7s Jd] [9h]
*** RIVER *** [7h 7s Jd 9h] [7c]
39bdb6ac: shows [7d] (Four Sevens)
*** SHOWDOWN ***
Hero collected 13,790 from pot
*** SUMMARY ***
Total pot 13,790 | Rake 0 | Jackpot 0 | Bingo 0 | Fortune 0 | Tax 0
Board [7h 7s Jd 9h 7c]
Seat 1: 11edd9e9 (button) folded before Flop
Seat 2: Hero (small blind) showed [6c 6h] and won (13,790) with Sevens Full over Sixes
Seat 3: 21df59a4 (big blind) folded before Flop
Seat 4: 64e75a44 folded before Flop
Seat 5: 39bdb6ac folded before Flop
Seat 6: 525a0c62 folded before Flop
Seat 7: e5375088 folded before Flop
Seat 8: 3d8b7e60 showed [4c 4h] and lost with Sevens Full over Fours


Poker Hand #TM3579175942: Tournament #158060956, Bounty Hunters Special $1.08 Hold'em No Limit - Level4(100/200) - 2024/08/14 10:14:40
Table '57' 8-max Seat #8 is the button
Seat 1: 11edd9e9 (18,773 in chips)
Seat 2: Hero (7,934 in chips)
Seat 3: 21df59a4 (5,285 in chips)
Seat 4: 64e75a44 (32,625 in chips)
Seat 5: 39bdb6ac (10,060 in chips)
Seat 6: 525a0c62 (9,928 in chips)
Seat 7: e5375088 (35,866 in chips)
Seat 8: 3d8b7e60 (6,095 in chips)
39bdb6ac: posts the ante 30
3d8b7e60: posts the ante 30
64e75a44: posts the ante 30
e5375088: posts the ante 30
11edd9e9: posts the ante 30
21df59a4: posts the ante 30
525a0c62: posts the ante 30
Hero: posts the ante 30
11edd9e9: posts small blind 100
Hero: posts big blind 200
*** HOLE CARDS ***
Dealt to 11edd9e9 
Dealt to Hero [Qd 7h]
Dealt to 21df59a4 
Dealt to 64e75a44 
Dealt to 39bdb6ac 
Dealt to 525a0c62 
Dealt to e5375088 
Dealt to 3d8b7e60 
21df59a4: folds
64e75a44: folds
39bdb6ac: folds
525a0c62: folds
e5375088: folds
3d8b7e60: raises 5,865 to 6,065 and is all-in
11edd9e9: folds
Hero: folds
Uncalled bet (5,865) returned to 3d8b7e60
*** SHOWDOWN ***
3d8b7e60 collected 740 from pot
*** SUMMARY ***
Total pot 740 | Rake 0 | Jackpot 0 | Bingo 0 | Fortune 0 | Tax 0
Seat 1: 11edd9e9 (small blind) folded before Flop
Seat 2: Hero (big blind) folded before Flop
Seat 3: 21df59a4 folded before Flop
Seat 4: 64e75a44 folded before Flop
Seat 5: 39bdb6ac folded before Flop
Seat 6: 525a0c62 folded before Flop
Seat 7: e5375088 folded before Flop
Seat 8: 3d8b7e60 (button) collected (740)


Poker Hand #TM3579175914: Tournament #158060956, Bounty Hunters Special $1.08 Hold'em No Limit - Level4(100/200) - 2024/08/14 10:12:48
Table '57' 8-max Seat #7 is the button
Seat 1: 11edd9e9 (19,003 in chips)
Seat 2: Hero (7,964 in chips)
Seat 3: 21df59a4 (5,315 in chips)
Seat 4: 64e75a44 (32,655 in chips)
Seat 5: 39bdb6ac (10,090 in chips)
Seat 6: 525a0c62 (10,538 in chips)
Seat 7: e5375088 (17,453 in chips)
Seat 8: 3d8b7e60 (23,548 in chips)
39bdb6ac: posts the ante 30
64e75a44: posts the ante 30
3d8b7e60: posts the ante 30
e5375088: posts the ante 30
11edd9e9: posts the ante 30
21df59a4: posts the ante 30
525a0c62: posts the ante 30
Hero: posts the ante 30
3d8b7e60: posts small blind 100
11edd9e9: posts big blind 200
*** HOLE CARDS ***
Dealt to 11edd9e9 
Dealt to Hero [8h 5s]
Dealt to 21df59a4 
Dealt to 64e75a44 
Dealt to 39bdb6ac 
Dealt to 525a0c62 
Dealt to e5375088 
Dealt to 3d8b7e60 
Hero: folds
21df59a4: folds
64e75a44: folds
39bdb6ac: folds
525a0c62: raises 380 to 580
e5375088: calls 580
3d8b7e60: calls 480
11edd9e9: folds
*** FLOP *** [Ks 7s 7d]
3d8b7e60: checks
525a0c62: checks
e5375088: bets 1,090
3d8b7e60: raises 4,360 to 5,450
525a0c62: folds
e5375088: raises 11,393 to 16,843 and is all-in
3d8b7e60: calls 11,393
e5375088: shows [As 9s] (Pair of Sevens)
3d8b7e60: shows [8s Kh] (Pair of Kings and Pair of Sevens)
*** TURN *** [Ks 7s 7d] [6s]
*** RIVER *** [Ks 7s 7d 6s] [Qs]
Hero: shows [5s] (King High Flush)
*** SHOWDOWN ***
e5375088 collected 35,866 from pot
*** SUMMARY ***
Total pot 35,866 | Rake 0 | Jackpot 0 | Bingo 0 | Fortune 0 | Tax 0
Board [Ks 7s 7d 6s Qs]
Seat 1: 11edd9e9 (big blind) folded before Flop
Seat 2: Hero folded before Flop
Seat 3: 21df59a4 folded before Flop
Seat 4: 64e75a44 folded before Flop
Seat 5: 39bdb6ac folded before Flop
Seat 6: 525a0c62 folded on the Flop
Seat 7: e5375088 (button) showed [As 9s] and won (35,866) with Ace High Flush
Seat 8: 3d8b7e60 (small blind) showed [8s Kh] and lost with King High Flush


Poker Hand #TM3579175904: Tournament #158060956, Bounty Hunters Special $1.08 Hold'em No Limit - Level4(100/200) - 2024/08/14 10:12:14
Table '57' 8-max Seat #6 is the button
Seat 1: 11edd9e9 (19,033 in chips)
Seat 2: Hero (7,994 in chips)
Seat 3: 21df59a4 (5,345 in chips)
Seat 4: 64e75a44 (32,685 in chips)
Seat 5: 39bdb6ac (9,580 in chips)
Seat 6: 525a0c62 (10,568 in chips)
Seat 7: e5375088 (17,583 in chips)
Seat 8: 3d8b7e60 (23,778 in chips)
39bdb6ac: posts the ante 30
64e75a44: posts the ante 30
3d8b7e60: posts the ante 30
e5375088: posts the ante 30
11edd9e9: posts the ante 30
21df59a4: posts the ante 30
525a0c62: posts the ante 30
Hero: posts the ante 30
e5375088: posts small blind 100
3d8b7e60: posts big blind 200
*** HOLE CARDS ***
Dealt to 11edd9e9 
Dealt to Hero [4c Jh]
Dealt to 21df59a4 
Dealt to 64e75a44 
Dealt to 39bdb6ac 
Dealt to 525a0c62 
Dealt to e5375088 
Dealt to 3d8b7e60 
11edd9e9: folds
Hero: folds
21df59a4: folds
64e75a44: folds
39bdb6ac: calls 200
525a0c62: folds
e5375088: folds
3d8b7e60: checks
*** FLOP *** [8d Ts 5h]
3d8b7e60: checks
39bdb6ac: bets 370
3d8b7e60: folds
Uncalled bet (370) returned to 39bdb6ac
*** SHOWDOWN ***
39bdb6ac collected 740 from pot
*** SUMMARY ***
Total pot 740 | Rake 0 | Jackpot 0 | Bingo 0 | Fortune 0 | Tax 0
Board [8d Ts 5h]
Seat 1: 11edd9e9 folded before Flop
Seat 2: Hero folded before Flop
Seat 3: 21df59a4 folded before Flop
Seat 4: 64e75a44 folded before Flop
Seat 5: 39bdb6ac won (740)
Seat 6: 525a0c62 (button) folded before Flop
Seat 7: e5375088 (small blind) folded before Flop
Seat 8: 3d8b7e60 (big blind) folded on the Flop


Poker Hand #TM3579175884: Tournament #158060956, Bounty Hunters Special $1.08 Hold'em No Limit - Level4(100/200) - 2024/08/14 10:11:07
Table '57' 8-max Seat #5 is the button
Seat 1: 11edd9e9 (20,003 in chips)
Seat 2: Hero (8,024 in chips)
Seat 3: 21df59a4 (5,375 in chips)
Seat 4: 64e75a44 (32,715 in chips)
Seat 5: 39bdb6ac (9,610 in chips)
Seat 6: 525a0c62 (10,698 in chips)
Seat 7: e5375088 (16,333 in chips)
Seat 8: 3d8b7e60 (23,808 in chips)
39bdb6ac: posts the ante 30
64e75a44: posts the ante 30
3d8b7e60: posts the ante 30
e5375088: posts the ante 30
11edd9e9: posts the ante 30
21df59a4: posts the ante 30
525a0c62: posts the ante 30
Hero: posts the ante 30
525a0c62: posts small blind 100
e5375088: posts big blind 200
*** HOLE CARDS ***
Dealt to 11edd9e9 
Dealt to Hero [5h 7c]
Dealt to 21df59a4 
Dealt to 64e75a44 
Dealt to 39bdb6ac 
Dealt to 525a0c62 
Dealt to e5375088 
Dealt to 3d8b7e60 
3d8b7e60: folds
11edd9e9: calls 200
Hero: folds
21df59a4: folds
64e75a44: folds
39bdb6ac: folds
525a0c62: folds
e5375088: raises 740 to 940
11edd9e9: calls 740
*** FLOP *** [Qd 6s 7s]
e5375088: bets 1,110
11edd9e9: folds
Uncalled bet (1,110) returned to e5375088
*** SHOWDOWN ***
e5375088 collected 2,220 from pot
*** SUMMARY ***
Total pot 2,220 | Rake 0 | Jackpot 0 | Bingo 0 | Fortune 0 | Tax 0
Board [Qd 6s 7s]
Seat 1: 11edd9e9 folded on the Flop
Seat 2: Hero folded before Flop
Seat 3: 21df59a4 folded before Flop
Seat 4: 64e75a44 folded before Flop
Seat 5: 39bdb6ac (button) folded before Flop
Seat 6: 525a0c62 (small blind) folded before Flop
Seat 7: e5375088 (big blind) won (2,220)
Seat 8: 3d8b7e60 folded before Flop


Poker Hand #TM3579175868: Tournament #158060956, Bounty Hunters Special $1.08 Hold'em No Limit - Level4(100/200) - 2024/08/14 10:09:55
Table '57' 8-max Seat #4 is the button
Seat 1: 11edd9e9 (21,203 in chips)
Seat 2: Hero (8,054 in chips)
Seat 3: 21df59a4 (5,405 in chips)
Seat 4: 64e75a44 (32,745 in chips)
Seat 5: 39bdb6ac (9,740 in chips)
Seat 6: 525a0c62 (8,818 in chips)
Seat 7: e5375088 (16,763 in chips)
Seat 8: 3d8b7e60 (23,838 in chips)
39bdb6ac: posts the ante 30
64e75a44: posts the ante 30
3d8b7e60: posts the ante 30
e5375088: posts the ante 30
11edd9e9: posts the ante 30
21df59a4: posts the ante 30
525a0c62: posts the ante 30
Hero: posts the ante 30
39bdb6ac: posts small blind 100
525a0c62: posts big blind 200
*** HOLE CARDS ***
Dealt to 11edd9e9 
Dealt to Hero [6d Ks]
Dealt to 21df59a4 
Dealt to 64e75a44 
Dealt to 39bdb6ac 
Dealt to 525a0c62 
Dealt to e5375088 
Dealt to 3d8b7e60 
e5375088: raises 200 to 400
3d8b7e60: folds
11edd9e9: calls 400
Hero: folds
21df59a4: folds
64e75a44: folds
39bdb6ac: folds
525a0c62: calls 200
*** FLOP *** [Kh 3d 9s]
525a0c62: checks
e5375088: checks
11edd9e9: bets 770
525a0c62: calls 770
e5375088: folds
*** TURN *** [Kh 3d 9s] [8s]
525a0c62: checks
11edd9e9: checks
*** RIVER *** [Kh 3d 9s 8s] [9h]
525a0c62: checks
11edd9e9: checks
525a0c62: shows [Jd Kc] (Pair of Kings and Pair of Nines)
11edd9e9: shows [Tc Th] (Pair of Tens and Pair of Nines)
*** SHOWDOWN ***
525a0c62 collected 3,080 from pot
*** SUMMARY ***
Total pot 3,080 | Rake 0 | Jackpot 0 | Bingo 0 | Fortune 0 | Tax 0
Board [Kh 3d 9s 8s 9h]
Seat 1: 11edd9e9 showed [Tc Th] and lost with Pair of Tens and Pair of Nines
Seat 2: Hero folded before Flop
Seat 3: 21df59a4 folded before Flop
Seat 4: 64e75a44 (button) folded before Flop
Seat 5: 39bdb6ac (small blind) folded before Flop
Seat 6: 525a0c62 (big blind) showed [Jd Kc] and won (3,080) with Pair of Kings and Pair of Nines
Seat 7: e5375088 folded on the Flop
Seat 8: 3d8b7e60 folded before Flop


Poker Hand #TM3579175845: Tournament #158060956, Bounty Hunters Special $1.08 Hold'em No Limit - Level4(100/200) - 2024/08/14 10:08:24
Table '57' 8-max Seat #3 is the button
Seat 1: 11edd9e9 (21,233 in chips)
Seat 2: Hero (8,084 in chips)
Seat 3: 21df59a4 (5,435 in chips)
Seat 4: 64e75a44 (32,875 in chips)
Seat 5: 39bdb6ac (9,970 in chips)
Seat 6: 525a0c62 (8,848 in chips)
Seat 7: e5375088 (16,283 in chips)
39bdb6ac: posts the ante 30
64e75a44: posts the ante 30
e5375088: posts the ante 30
11edd9e9: posts the ante 30
21df59a4: posts the ante 30
525a0c62: posts the ante 30
Hero: posts the ante 30
64e75a44: posts small blind 100
39bdb6ac: posts big blind 200
*** HOLE CARDS ***
Dealt to 11edd9e9 
Dealt to Hero [5c As]
Dealt to 21df59a4 
Dealt to 64e75a44 
Dealt to 39bdb6ac 
Dealt to 525a0c62 
Dealt to e5375088 
525a0c62: folds
e5375088: raises 200 to 400
11edd9e9: folds
Hero: folds
21df59a4: folds
64e75a44: folds
39bdb6ac: folds
Uncalled bet (200) returned to e5375088
*** SHOWDOWN ***
e5375088 collected 710 from pot
*** SUMMARY ***
Total pot 710 | Rake 0 | Jackpot 0 | Bingo 0 | Fortune 0 | Tax 0
Seat 1: 11edd9e9 folded before Flop
Seat 2: Hero folded before Flop
Seat 3: 21df59a4 (button) folded before Flop
Seat 4: 64e75a44 (small blind) folded before Flop
Seat 5: 39bdb6ac (big blind) folded before Flop
Seat 6: 525a0c62 folded before Flop
Seat 7: e5375088 collected (710)


Poker Hand #TM3579175833: Tournament #158060956, Bounty Hunters Special $1.08 Hold'em No Limit - Level4(100/200) - 2024/08/14 10:07:16
Table '57' 8-max Seat #2 is the button
Seat 1: 11edd9e9 (21,263 in chips)
Seat 2: Hero (8,114 in chips)
Seat 3: 21df59a4 (5,565 in chips)
Seat 4: 64e75a44 (18,089 in chips)
Seat 5: 39bdb6ac (10,000 in chips)
Seat 6: 525a0c62 (8,878 in chips)
Seat 7: e5375088 (16,313 in chips)
Seat 8: 4fa82d54 (14,506 in chips)
39bdb6ac: posts the ante 30
64e75a44: posts the ante 30
4fa82d54: posts the ante 30
e5375088: posts the ante 30
11edd9e9: posts the ante 30
21df59a4: posts the ante 30
525a0c62: posts the ante 30
Hero: posts the ante 30
21df59a4: posts small blind 100
64e75a44: posts big blind 200
*** HOLE CARDS ***
Dealt to 11edd9e9 
Dealt to Hero [Kh 3h]
Dealt to 21df59a4 
Dealt to 64e75a44 
Dealt to 39bdb6ac 
Dealt to 525a0c62 
Dealt to e5375088 
Dealt to 4fa82d54 
39bdb6ac: folds
525a0c62: folds
e5375088: folds
4fa82d54: raises 200 to 400
11edd9e9: folds
Hero: folds
21df59a4: folds
64e75a44: raises 1,200 to 1,600
4fa82d54: raises 3,540 to 5,140
64e75a44: raises 12,919 to 18,059 and is all-in
4fa82d54: calls 9,336 and is all-in
Uncalled bet (3,583) returned to 64e75a44
64e75a44: shows [Qc Qh]
4fa82d54: shows [Ad Kd]
*** FLOP *** [Kc Qd Ts]
*** TURN *** [Kc Qd Ts] [8s]
*** RIVER *** [Kc Qd Ts 8s] [9c]
Hero: shows [Kh] (Pair of Kings)
*** SHOWDOWN ***
64e75a44 collected 29,292 from pot
*** SUMMARY ***
Total pot 29,292 | Rake 0 | Jackpot 0 | Bingo 0 | Fortune 0 | Tax 0
Board [Kc Qd Ts 8s 9c]
Seat 1: 11edd9e9 folded before Flop
Seat 2: Hero (button) folded before Flop
Seat 3: 21df59a4 (small blind) folded before Flop
Seat 4: 64e75a44 (big blind) showed [Qc Qh] and won (29,292) with Three Queens
Seat 5: 39bdb6ac folded before Flop
Seat 6: 525a0c62 folded before Flop
Seat 7: e5375088 folded before Flop
Seat 8: 4fa82d54 showed [Ad Kd] and lost with Pair of Kings


Poker Hand #TM3579175802: Tournament #158060956, Bounty Hunters Special $1.08 Hold'em No Limit - Level3(80/160) - 2024/08/14 10:05:02
Table '57' 8-max Seat #1 is the button
Seat 1: 11edd9e9 (9,551 in chips)
Seat 2: Hero (8,458 in chips)
Seat 3: 21df59a4 (6,501 in chips)
Seat 4: 64e75a44 (18,113 in chips)
Seat 5: b20c3194 (9,424 in chips)
Seat 6: 525a0c62 (8,902 in chips)
Seat 7: e5375088 (16,337 in chips)
Seat 8: 4fa82d54 (15,442 in chips)
64e75a44: posts the ante 24
4fa82d54: posts the ante 24
b20c3194: posts the ante 24
e5375088: posts the ante 24
11edd9e9: posts the ante 24
21df59a4: posts the ante 24
525a0c62: posts the ante 24
Hero: posts the ante 24
Hero: posts small blind 80
21df59a4: posts big blind 160
*** HOLE CARDS ***
Dealt to 11edd9e9 
Dealt to Hero [9s Ks]
Dealt to 21df59a4 
Dealt to 64e75a44 
Dealt to b20c3194 
Dealt to 525a0c62 
Dealt to e5375088 
Dealt to 4fa82d54 
64e75a44: folds
b20c3194: calls 160
525a0c62: folds
e5375088: folds
4fa82d54: calls 160
11edd9e9: raises 160 to 320
Hero: calls 240
21df59a4: calls 160
b20c3194: calls 160
4fa82d54: calls 160
*** FLOP *** [Ah 8c Jh]
Hero: checks
21df59a4: checks
b20c3194: checks
4fa82d54: checks
11edd9e9: bets 592
Hero: folds
21df59a4: calls 592
b20c3194: calls 592
4fa82d54: calls 592
*** TURN *** [Ah 8c Jh] [5d]
21df59a4: checks
b20c3194: checks
4fa82d54: checks
11edd9e9: bets 1,373
21df59a4: folds
b20c3194: raises 7,115 to 8,488 and is all-in
4fa82d54: folds
11edd9e9: calls 7,115
b20c3194: shows [Ad 5c] (Pair of Aces and Pair of Fives)
11edd9e9: shows [8d 8h] (Three Eights)
*** RIVER *** [Ah 8c Jh 5d] [3d]
*** SHOWDOWN ***
11edd9e9 collected 21,136 from pot
*** SUMMARY ***
Total pot 21,136 | Rake 0 | Jackpot 0 | Bingo 0 | Fortune 0 | Tax 0
Board [Ah 8c Jh 5d 3d]
Seat 1: 11edd9e9 (button) showed [8d 8h] and won (21,136) with Three Eights
Seat 2: Hero (small blind) folded on the Flop
Seat 3: 21df59a4 (big blind) folded on the Turn
Seat 4: 64e75a44 folded before Flop
Seat 5: b20c3194 showed [Ad 5c] and lost with Pair of Aces and Pair of Fives
Seat 6: 525a0c62 folded before Flop
Seat 7: e5375088 folded before Flop
Seat 8: 4fa82d54 folded on the Turn


Poker Hand #TM3579175788: Tournament #158060956, Bounty Hunters Special $1.08 Hold'em No Limit - Level3(80/160) - 2024/08/14 10:04:08
Table '57' 8-max Seat #8 is the button
Seat 1: 11edd9e9 (10,436 in chips)
Seat 2: Hero (8,802 in chips)
Seat 3: 21df59a4 (6,525 in chips)
Seat 4: 64e75a44 (16,764 in chips)
Seat 5: b20c3194 (9,448 in chips)
Seat 6: 525a0c62 (8,926 in chips)
Seat 7: e5375088 (16,361 in chips)
Seat 8: 4fa82d54 (15,466 in chips)
64e75a44: posts the ante 24
4fa82d54: posts the ante 24
b20c3194: posts the ante 24
e5375088: posts the ante 24
11edd9e9: posts the ante 24
21df59a4: posts the ante 24
525a0c62: posts the ante 24
Hero: posts the ante 24
11edd9e9: posts small blind 80
Hero: posts big blind 160
*** HOLE CARDS ***
Dealt to 11edd9e9 
Dealt to Hero [Js 7d]
Dealt to 21df59a4 
Dealt to 64e75a44 
Dealt to b20c3194 
Dealt to 525a0c62 
Dealt to e5375088 
Dealt to 4fa82d54 
21df59a4: folds
64e75a44: raises 160 to 320
b20c3194: folds
525a0c62: folds
e5375088: folds
4fa82d54: folds
11edd9e9: calls 240
Hero: calls 160
*** FLOP *** [3s 2d Kc]
11edd9e9: checks
Hero: checks
64e75a44: bets 381
11edd9e9: calls 381
Hero: folds
*** TURN *** [3s 2d Kc] [Jd]
11edd9e9: checks
64e75a44: checks
*** RIVER *** [3s 2d Kc Jd] [7c]
11edd9e9: bets 160
64e75a44: calls 160
11edd9e9: shows [2s Ah] (Pair of Twos)
64e75a44: shows [6c 6d] (Pair of Sixes)
*** SHOWDOWN ***
64e75a44 collected 2,234 from pot
*** SUMMARY ***
Total pot 2,234 | Rake 0 | Jackpot 0 | Bingo 0 | Fortune 0 | Tax 0
Board [3s 2d Kc Jd 7c]
Seat 1: 11edd9e9 (small blind) showed [2s Ah] and lost with Pair of Twos
Seat 2: Hero (big blind) folded on the Flop
Seat 3: 21df59a4 folded before Flop
Seat 4: 64e75a44 showed [6c 6d] and won (2,234) with Pair of Sixes
Seat 5: b20c3194 folded before Flop
Seat 6: 525a0c62 folded before Flop
Seat 7: e5375088 folded before Flop
Seat 8: 4fa82d54 (button) folded before Flop


Poker Hand #TM3579175762: Tournament #158060956, Bounty Hunters Special $1.08 Hold'em No Limit - Level3(80/160) - 2024/08/14 10:01:55
Table '57' 8-max Seat #7 is the button
Seat 1: 11edd9e9 (10,620 in chips)
Seat 2: Hero (8,826 in chips)
Seat 3: 21df59a4 (6,869 in chips)
Seat 4: 64e75a44 (16,788 in chips)
Seat 5: b20c3194 (9,472 in chips)
Seat 6: 525a0c62 (9,270 in chips)
Seat 7: e5375088 (16,705 in chips)
Seat 8: 4fa82d54 (14,178 in chips)
64e75a44: posts the ante 24
b20c3194: posts the ante 24
4fa82d54: posts the ante 24
e5375088: posts the ante 24
11edd9e9: posts the ante 24
21df59a4: posts the ante 24
525a0c62: posts the ante 24
Hero: posts the ante 24
4fa82d54: posts small blind 80
11edd9e9: posts big blind 160
*** HOLE CARDS ***
Dealt to 11edd9e9 
Dealt to Hero [4h Qd]
Dealt to 21df59a4 
Dealt to 64e75a44 
Dealt to b20c3194 
Dealt to 525a0c62 
Dealt to e5375088 
Dealt to 4fa82d54 
Hero: folds
21df59a4: raises 160 to 320
64e75a44: folds
b20c3194: folds
525a0c62: calls 320
e5375088: calls 320
4fa82d54: raises 3,330 to 3,650
11edd9e9: folds
21df59a4: folds
525a0c62: folds
e5375088: folds
Uncalled bet (3,330) returned to 4fa82d54
*** SHOWDOWN ***
4fa82d54 collected 1,632 from pot
*** SUMMARY ***
Total pot 1,632 | Rake 0 | Jackpot 0 | Bingo 0 | Fortune 0 | Tax 0
Seat 1: 11edd9e9 (big blind) folded before Flop
Seat 2: Hero folded before Flop
Seat 3: 21df59a4 folded before Flop
Seat 4: 64e75a44 folded before Flop
Seat 5: b20c3194 folded before Flop
Seat 6: 525a0c62 folded before Flop
Seat 7: e5375088 (button) folded before Flop
Seat 8: 4fa82d54 (small blind) collected (1,632)


Poker Hand #TM3579175737: Tournament #158060956, Bounty Hunters Special $1.08 Hold'em No Limit - Level3(80/160) - 2024/08/14 09:54:12
Table '57' 8-max Seat #6 is the button
Seat 1: 11edd9e9 (10,804 in chips)
Seat 2: Hero (8,850 in chips)
Seat 3: 21df59a4 (6,893 in chips)
Seat 4: 64e75a44 (15,500 in chips)
Seat 5: b20c3194 (9,496 in chips)
Seat 6: 525a0c62 (9,294 in chips)
Seat 7: e5375088 (17,529 in chips)
Seat 8: 4fa82d54 (14,362 in chips)
64e75a44: posts the ante 24
b20c3194: posts the ante 24
4fa82d54: posts the ante 24
e5375088: posts the ante 24
11edd9e9: posts the ante 24
21df59a4: posts the ante 24
525a0c62: posts the ante 24
Hero: posts the ante 24
e5375088: posts small blind 80
4fa82d54: posts big blind 160
*** HOLE CARDS ***
Dealt to 11edd9e9 
Dealt to Hero [7s Ts]
Dealt to 21df59a4 
Dealt to 64e75a44 
Dealt to b20c3194 
Dealt to 525a0c62 
Dealt to e5375088 
Dealt to 4fa82d54 
11edd9e9: calls 160
Hero: folds
21df59a4: folds
64e75a44: raises 640 to 800
b20c3194: folds
525a0c62: folds
e5375088: calls 720
4fa82d54: folds
11edd9e9: folds
*** FLOP *** [As 5h 3c]
e5375088: checks
64e75a44: bets 697
e5375088: folds
Uncalled bet (697) returned to 64e75a44
*** SHOWDOWN ***
64e75a44 collected 2,112 from pot
*** SUMMARY ***
Total pot 2,112 | Rake 0 | Jackpot 0 | Bingo 0 | Fortune 0 | Tax 0
Board [As 5h 3c]
Seat 1: 11edd9e9 folded before Flop
Seat 2: Hero folded before Flop
Seat 3: 21df59a4 folded before Flop
Seat 4: 64e75a44 won (2,112)
Seat 5: b20c3194 folded before Flop
Seat 6: 525a0c62 (button) folded before Flop
Seat 7: e5375088 (small blind) folded on the Flop
Seat 8: 4fa82d54 (big blind) folded before Flop


Poker Hand #TM3579175703: Tournament #158060956, Bounty Hunters Special $1.08 Hold'em No Limit - Level3(80/160) - 2024/08/14 09:52:25
Table '57' 8-max Seat #5 is the button
Seat 1: 11edd9e9 (11,764 in chips)
Seat 2: Hero (8,874 in chips)
Seat 3: 21df59a4 (6,917 in chips)
Seat 4: 64e75a44 (15,524 in chips)
Seat 5: b20c3194 (9,520 in chips)
Seat 6: 525a0c62 (9,398 in chips)
Seat 7: e5375088 (20,029 in chips)
Seat 8: 4fa82d54 (10,702 in chips)
64e75a44: posts the ante 24
b20c3194: posts the ante 24
4fa82d54: posts the ante 24
e5375088: posts the ante 24
11edd9e9: posts the ante 24
21df59a4: posts the ante 24
525a0c62: posts the ante 24
Hero: posts the ante 24
525a0c62: posts small blind 80
e5375088: posts big blind 160
*** HOLE CARDS ***
Dealt to 11edd9e9 
Dealt to Hero [7d 6c]
Dealt to 21df59a4 
Dealt to 64e75a44 
Dealt to b20c3194 
Dealt to 525a0c62 
Dealt to e5375088 
Dealt to 4fa82d54 
4fa82d54: raises 160 to 320
11edd9e9: calls 320
Hero: folds
21df59a4: folds
64e75a44: folds
b20c3194: folds
525a0c62: folds
e5375088: calls 160
*** FLOP *** [2c 6s Td]
e5375088: checks
4fa82d54: bets 616
11edd9e9: calls 616
e5375088: calls 616
*** TURN *** [2c 6s Td] [9h]
e5375088: checks
4fa82d54: bets 1,540
11edd9e9: folds
e5375088: calls 1,540
*** RIVER *** [2c 6s Td 9h] [Jh]
e5375088: checks
4fa82d54: bets 4,620
e5375088: folds
Uncalled bet (4,620) returned to 4fa82d54
*** SHOWDOWN ***
4fa82d54 collected 6,160 from pot
*** SUMMARY ***
Total pot 6,160 | Rake 0 | Jackpot 0 | Bingo 0 | Fortune 0 | Tax 0
Board [2c 6s Td 9h Jh]
Seat 1: 11edd9e9 folded on the Turn
Seat 2: Hero folded before Flop
Seat 3: 21df59a4 folded before Flop
Seat 4: 64e75a44 folded before Flop
Seat 5: b20c3194 (button) folded before Flop
Seat 6: 525a0c62 (small blind) folded before Flop
Seat 7: e5375088 (big blind) folded on the River
Seat 8: 4fa82d54 won (6,160)


Poker Hand #TM3579175680: Tournament #158060956, Bounty Hunters Special $1.08 Hold'em No Limit - Level3(80/160) - 2024/08/14 09:51:08
Table '57' 8-max Seat #4 is the button
Seat 1: 11edd9e9 (12,748 in chips)
Seat 2: Hero (8,898 in chips)
Seat 3: 21df59a4 (6,941 in chips)
Seat 4: 64e75a44 (14,156 in chips)
Seat 5: b20c3194 (9,624 in chips)
Seat 6: 525a0c62 (9,582 in chips)
Seat 7: e5375088 (20,053 in chips)
Seat 8: 4fa82d54 (10,726 in chips)
64e75a44: posts the ante 24
4fa82d54: posts the ante 24
b20c3194: posts the ante 24
e5375088: posts the ante 24
11edd9e9: posts the ante 24
21df59a4: posts the ante 24
525a0c62: posts the ante 24
Hero: posts the ante 24
b20c3194: posts small blind 80
525a0c62: posts big blind 160
*** HOLE CARDS ***
Dealt to 11edd9e9 
Dealt to Hero [7c 8s]
Dealt to 21df59a4 
Dealt to 64e75a44 
Dealt to b20c3194 
Dealt to 525a0c62 
Dealt to e5375088 
Dealt to 4fa82d54 
e5375088: folds
4fa82d54: folds
11edd9e9: raises 160 to 320
Hero: folds
21df59a4: folds
64e75a44: raises 640 to 960
b20c3194: folds
525a0c62: folds
11edd9e9: calls 640
*** FLOP *** [Kd 5c 9s]
11edd9e9: checks
64e75a44: bets 777
11edd9e9: folds
Uncalled bet (777) returned to 64e75a44
*** SHOWDOWN ***
64e75a44 collected 2,352 from pot
*** SUMMARY ***
Total pot 2,352 | Rake 0 | Jackpot 0 | Bingo 0 | Fortune 0 | Tax 0
Board [Kd 5c 9s]
Seat 1: 11edd9e9 folded on the Flop
Seat 2: Hero folded before Flop
Seat 3: 21df59a4 folded before Flop
Seat 4: 64e75a44 (button) won (2,352)
Seat 5: b20c3194 (small blind) folded before Flop
Seat 6: 525a0c62 (big blind) folded before Flop
Seat 7: e5375088 folded before Flop
Seat 8: 4fa82d54 folded before Flop


Poker Hand #TM3579175661: Tournament #158060956, Bounty Hunters Special $1.08 Hold'em No Limit - Level3(80/160) - 2024/08/14 09:50:03
Table '57' 8-max Seat #3 is the button
Seat 1: 11edd9e9 (11,796 in chips)
Seat 2: Hero (8,922 in chips)
Seat 3: 21df59a4 (6,965 in chips)
Seat 4: 64e75a44 (14,260 in chips)
Seat 5: b20c3194 (10,000 in chips)
Seat 6: 525a0c62 (9,958 in chips)
Seat 7: e5375088 (20,077 in chips)
Seat 8: 4fa82d54 (10,750 in chips)
64e75a44: posts the ante 24
4fa82d54: posts the ante 24
b20c3194: posts the ante 24
e5375088: posts the ante 24
11edd9e9: posts the ante 24
21df59a4: posts the ante 24
525a0c62: posts the ante 24
Hero: posts the ante 24
64e75a44: posts small blind 80
b20c3194: posts big blind 160
*** HOLE CARDS ***
Dealt to 11edd9e9 
Dealt to Hero [5h Kc]
Dealt to 21df59a4 
Dealt to 64e75a44 
Dealt to b20c3194 
Dealt to 525a0c62 
Dealt to e5375088 
Dealt to 4fa82d54 
525a0c62: raises 192 to 352
e5375088: folds
4fa82d54: folds
11edd9e9: calls 352
Hero: folds
21df59a4: folds
64e75a44: folds
b20c3194: calls 192
*** FLOP *** [9c 4s 8d]
b20c3194: checks
525a0c62: checks
11edd9e9: bets 664
b20c3194: folds
525a0c62: folds
Uncalled bet (664) returned to 11edd9e9
*** SHOWDOWN ***
11edd9e9 collected 1,328 from pot
*** SUMMARY ***
Total pot 1,328 | Rake 0 | Jackpot 0 | Bingo 0 | Fortune 0 | Tax 0
Board [9c 4s 8d]
Seat 1: 11edd9e9 won (1,328)
Seat 2: Hero folded before Flop
Seat 3: 21df59a4 (button) folded before Flop
Seat 4: 64e75a44 (small blind) folded before Flop
Seat 5: b20c3194 (big blind) folded on the Flop
Seat 6: 525a0c62 folded on the Flop
Seat 7: e5375088 folded before Flop
Seat 8: 4fa82d54 folded before Flop


Poker Hand #TM3579175657: Tournament #158060956, Bounty Hunters Special $1.08 Hold'em No Limit - Level2(60/120) - 2024/08/14 09:49:40
Table '57' 8-max Seat #2 is the button
Seat 1: 11edd9e9 (11,814 in chips)
Seat 2: Hero (8,940 in chips)
Seat 3: 21df59a4 (6,737 in chips)
Seat 4: 64e75a44 (14,398 in chips)
Seat 6: 525a0c62 (9,976 in chips)
Seat 7: e5375088 (20,095 in chips)
Seat 8: 4fa82d54 (10,768 in chips)
64e75a44: posts the ante 18
4fa82d54: posts the ante 18
e5375088: posts the ante 18
11edd9e9: posts the ante 18
21df59a4: posts the ante 18
525a0c62: posts the ante 18
Hero: posts the ante 18
21df59a4: posts small blind 60
64e75a44: posts big blind 120
*** HOLE CARDS ***
Dealt to 11edd9e9 
Dealt to Hero [Ad 4s]
Dealt to 21df59a4 
Dealt to 64e75a44 
Dealt to 525a0c62 
Dealt to e5375088 
Dealt to 4fa82d54 
525a0c62: folds
e5375088: folds
4fa82d54: folds
11edd9e9: folds
Hero: folds
21df59a4: raises 120 to 240
64e75a44: folds
Uncalled bet (120) returned to 21df59a4
*** SHOWDOWN ***
21df59a4 collected 366 from pot
*** SUMMARY ***
Total pot 366 | Rake 0 | Jackpot 0 | Bingo 0 | Fortune 0 | Tax 0
Seat 1: 11edd9e9 folded before Flop
Seat 2: Hero (button) folded before Flop
Seat 3: 21df59a4 (small blind) collected (366)
Seat 4: 64e75a44 (big blind) folded before Flop
Seat 6: 525a0c62 folded before Flop
Seat 7: e5375088 folded before Flop
Seat 8: 4fa82d54 folded before Flop


Poker Hand #TM3579175642: Tournament #158060956, Bounty Hunters Special $1.08 Hold'em No Limit - Level2(60/120) - 2024/08/14 09:49:03
Table '57' 8-max Seat #1 is the button
Seat 1: 11edd9e9 (11,832 in chips)
Seat 2: Hero (9,018 in chips)
Seat 3: 21df59a4 (6,875 in chips)
Seat 4: 64e75a44 (14,092 in chips)
Seat 5: 1a71cae (13,364 in chips)
Seat 6: 525a0c62 (9,994 in chips)
Seat 7: e5375088 (20,113 in chips)
Seat 8: 4fa82d54 (10,786 in chips)
64e75a44: posts the ante 18
4fa82d54: posts the ante 18
1a71cae: posts the ante 18
e5375088: posts the ante 18
11edd9e9: posts the ante 18
21df59a4: posts the ante 18
525a0c62: posts the ante 18
Hero: posts the ante 18
Hero: posts small blind 60
21df59a4: posts big blind 120
*** HOLE CARDS ***
Dealt to 11edd9e9 
Dealt to Hero [4c 8s]
Dealt to 21df59a4 
Dealt to 64e75a44 
Dealt to 1a71cae 
Dealt to 525a0c62 
Dealt to e5375088 
Dealt to 4fa82d54 
64e75a44: raises 120 to 240
1a71cae: folds
525a0c62: folds
e5375088: folds
4fa82d54: folds
11edd9e9: folds
Hero: folds
21df59a4: folds
Uncalled bet (120) returned to 64e75a44
*** SHOWDOWN ***
64e75a44 collected 444 from pot
*** SUMMARY ***
Total pot 444 | Rake 0 | Jackpot 0 | Bingo 0 | Fortune 0 | Tax 0
Seat 1: 11edd9e9 (button) folded before Flop
Seat 2: Hero (small blind) folded before Flop
Seat 3: 21df59a4 (big blind) folded before Flop
Seat 4: 64e75a44 collected (444)
Seat 5: 1a71cae folded before Flop
Seat 6: 525a0c62 folded before Flop
Seat 7: e5375088 folded before Flop
Seat 8: 4fa82d54 folded before Flop


Poker Hand #TM3579175624: Tournament #158060956, Bounty Hunters Special $1.08 Hold'em No Limit - Level2(60/120) - 2024/08/14 09:48:22
Table '57' 8-max Seat #8 is the button
Seat 1: 11edd9e9 (11,586 in chips)
Seat 2: Hero (9,156 in chips)
Seat 3: 21df59a4 (6,893 in chips)
Seat 4: 64e75a44 (14,110 in chips)
Seat 5: 1a71cae (13,382 in chips)
Seat 6: 525a0c62 (10,012 in chips)
Seat 7: e5375088 (20,131 in chips)
Seat 8: 4fa82d54 (10,804 in chips)
64e75a44: posts the ante 18
4fa82d54: posts the ante 18
1a71cae: posts the ante 18
e5375088: posts the ante 18
11edd9e9: posts the ante 18
21df59a4: posts the ante 18
525a0c62: posts the ante 18
Hero: posts the ante 18
11edd9e9: posts small blind 60
Hero: posts big blind 120
*** HOLE CARDS ***
Dealt to 11edd9e9 
Dealt to Hero [Kc 8d]
Dealt to 21df59a4 
Dealt to 64e75a44 
Dealt to 1a71cae 
Dealt to 525a0c62 
Dealt to e5375088 
Dealt to 4fa82d54 
21df59a4: folds
64e75a44: folds
1a71cae: folds
525a0c62: folds
e5375088: folds
4fa82d54: folds
11edd9e9: raises 240 to 360
Hero: folds
Uncalled bet (240) returned to 11edd9e9
*** SHOWDOWN ***
11edd9e9 collected 384 from pot
*** SUMMARY ***
Total pot 384 | Rake 0 | Jackpot 0 | Bingo 0 | Fortune 0 | Tax 0
Seat 1: 11edd9e9 (small blind) collected (384)
Seat 2: Hero (big blind) folded before Flop
Seat 3: 21df59a4 folded before Flop
Seat 4: 64e75a44 folded before Flop
Seat 5: 1a71cae folded before Flop
Seat 6: 525a0c62 folded before Flop
Seat 7: e5375088 folded before Flop
Seat 8: 4fa82d54 (button) folded before Flop


Poker Hand #TM3579175610: Tournament #158060956, Bounty Hunters Special $1.08 Hold'em No Limit - Level2(60/120) - 2024/08/14 09:47:21
Table '57' 8-max Seat #7 is the button
Seat 1: 11edd9e9 (11,856 in chips)
Seat 2: Hero (9,174 in chips)
Seat 3: 21df59a4 (6,911 in chips)
Seat 4: 64e75a44 (14,128 in chips)
Seat 5: 1a71cae (12,944 in chips)
Seat 6: 525a0c62 (10,030 in chips)
Seat 7: e5375088 (20,149 in chips)
Seat 8: 4fa82d54 (10,882 in chips)
64e75a44: posts the ante 18
4fa82d54: posts the ante 18
1a71cae: posts the ante 18
e5375088: posts the ante 18
11edd9e9: posts the ante 18
21df59a4: posts the ante 18
525a0c62: posts the ante 18
Hero: posts the ante 18
4fa82d54: posts small blind 60
11edd9e9: posts big blind 120
*** HOLE CARDS ***
Dealt to 11edd9e9 
Dealt to Hero [8s Jd]
Dealt to 21df59a4 
Dealt to 64e75a44 
Dealt to 1a71cae 
Dealt to 525a0c62 
Dealt to e5375088 
Dealt to 4fa82d54 
Hero: folds
21df59a4: folds
64e75a44: folds
1a71cae: raises 132 to 252
525a0c62: folds
e5375088: folds
4fa82d54: folds
11edd9e9: calls 132
*** FLOP *** [6c 2d Kh]
11edd9e9: checks
1a71cae: bets 284
11edd9e9: folds
Uncalled bet (284) returned to 1a71cae
*** SHOWDOWN ***
1a71cae collected 708 from pot
*** SUMMARY ***
Total pot 708 | Rake 0 | Jackpot 0 | Bingo 0 | Fortune 0 | Tax 0
Board [6c 2d Kh]
Seat 1: 11edd9e9 (big blind) folded on the Flop
Seat 2: Hero folded before Flop
Seat 3: 21df59a4 folded before Flop
Seat 4: 64e75a44 folded before Flop
Seat 5: 1a71cae won (708)
Seat 6: 525a0c62 folded before Flop
Seat 7: e5375088 (button) folded before Flop
Seat 8: 4fa82d54 (small blind) folded before Flop


Poker Hand #TM3579175594: Tournament #158060956, Bounty Hunters Special $1.08 Hold'em No Limit - Level2(60/120) - 2024/08/14 09:46:23
Table '57' 8-max Seat #6 is the button
Seat 1: 11edd9e9 (11,874 in chips)
Seat 2: Hero (9,192 in chips)
Seat 3: 21df59a4 (6,929 in chips)
Seat 4: 64e75a44 (14,146 in chips)
Seat 5: 1a71cae (13,214 in chips)
Seat 6: 525a0c62 (10,300 in chips)
Seat 7: e5375088 (20,419 in chips)
Seat 8: 4fa82d54 (10,000 in chips)
64e75a44: posts the ante 18
4fa82d54: posts the ante 18
1a71cae: posts the ante 18
e5375088: posts the ante 18
11edd9e9: posts the ante 18
21df59a4: posts the ante 18
525a0c62: posts the ante 18
Hero: posts the ante 18
e5375088: posts small blind 60
4fa82d54: posts big blind 120
*** HOLE CARDS ***
Dealt to 11edd9e9 
Dealt to Hero [7h 5s]
Dealt to 21df59a4 
Dealt to 64e75a44 
Dealt to 1a71cae 
Dealt to 525a0c62 
Dealt to e5375088 
Dealt to 4fa82d54 
11edd9e9: folds
Hero: folds
21df59a4: folds
64e75a44: folds
1a71cae: raises 132 to 252
525a0c62: calls 252
e5375088: calls 192
4fa82d54: raises 1,868 to 2,120
1a71cae: folds
525a0c62: folds
e5375088: folds
Uncalled bet (1,868) returned to 4fa82d54
*** SHOWDOWN ***
4fa82d54 collected 1,152 from pot
*** SUMMARY ***
Total pot 1,152 | Rake 0 | Jackpot 0 | Bingo 0 | Fortune 0 | Tax 0
Seat 1: 11edd9e9 folded before Flop
Seat 2: Hero folded before Flop
Seat 3: 21df59a4 folded before Flop
Seat 4: 64e75a44 folded before Flop
Seat 5: 1a71cae folded before Flop
Seat 6: 525a0c62 (button) folded before Flop
Seat 7: e5375088 (small blind) folded before Flop
Seat 8: 4fa82d54 (big blind) collected (1,152)


Poker Hand #TM3579175588: Tournament #158060956, Bounty Hunters Special $1.08 Hold'em No Limit - Level2(60/120) - 2024/08/14 09:46:02
Table '57' 8-max Seat #5 is the button
Seat 1: 11edd9e9 (11,892 in chips)
Seat 2: Hero (9,210 in chips)
Seat 3: 21df59a4 (6,947 in chips)
Seat 4: 64e75a44 (14,164 in chips)
Seat 5: 1a71cae (13,232 in chips)
Seat 6: 525a0c62 (10,378 in chips)
Seat 7: e5375088 (20,251 in chips)
64e75a44: posts the ante 18
1a71cae: posts the ante 18
e5375088: posts the ante 18
11edd9e9: posts the ante 18
21df59a4: posts the ante 18
525a0c62: posts the ante 18
Hero: posts the ante 18
525a0c62: posts small blind 60
e5375088: posts big blind 120
*** HOLE CARDS ***
Dealt to 11edd9e9 
Dealt to Hero [3d 5c]
Dealt to 21df59a4 
Dealt to 64e75a44 
Dealt to 1a71cae 
Dealt to 525a0c62 
Dealt to e5375088 
11edd9e9: folds
Hero: folds
21df59a4: folds
64e75a44: folds
1a71cae: folds
525a0c62: folds
Uncalled bet (60) returned to e5375088
*** SHOWDOWN ***
e5375088 collected 246 from pot
*** SUMMARY ***
Total pot 246 | Rake 0 | Jackpot 0 | Bingo 0 | Fortune 0 | Tax 0
Seat 1: 11edd9e9 folded before Flop
Seat 2: Hero folded before Flop
Seat 3: 21df59a4 folded before Flop
Seat 4: 64e75a44 folded before Flop
Seat 5: 1a71cae (button) folded before Flop
Seat 6: 525a0c62 (small blind) folded before Flop
Seat 7: e5375088 (big blind) collected (246)


Poker Hand #TM3579175580: Tournament #158060956, Bounty Hunters Special $1.08 Hold'em No Limit - Level2(60/120) - 2024/08/14 09:45:36
Table '57' 8-max Seat #4 is the button
Seat 1: 11edd9e9 (11,910 in chips)
Seat 2: Hero (9,348 in chips)
Seat 3: 21df59a4 (6,965 in chips)
Seat 4: 64e75a44 (14,182 in chips)
Seat 5: 1a71cae (12,866 in chips)
Seat 6: 525a0c62 (10,516 in chips)
Seat 7: e5375088 (20,269 in chips)
Seat 8: f1df88da (3,284 in chips)
f1df88da: posts the ante 18
64e75a44: posts the ante 18
1a71cae: posts the ante 18
e5375088: posts the ante 18
11edd9e9: posts the ante 18
21df59a4: posts the ante 18
525a0c62: posts the ante 18
Hero: posts the ante 18
1a71cae: posts small blind 60
525a0c62: posts big blind 120
*** HOLE CARDS ***
Dealt to 11edd9e9 
Dealt to Hero [2s As]
Dealt to 21df59a4 
Dealt to 64e75a44 
Dealt to 1a71cae 
Dealt to 525a0c62 
Dealt to e5375088 
Dealt to f1df88da 
e5375088: folds
f1df88da: folds
11edd9e9: folds
Hero: calls 120
21df59a4: folds
64e75a44: folds
1a71cae: raises 360 to 480
525a0c62: folds
Hero: folds
Uncalled bet (360) returned to 1a71cae
*** SHOWDOWN ***
1a71cae collected 504 from pot
*** SUMMARY ***
Total pot 504 | Rake 0 | Jackpot 0 | Bingo 0 | Fortune 0 | Tax 0
Seat 1: 11edd9e9 folded before Flop
Seat 2: Hero folded before Flop
Seat 3: 21df59a4 folded before Flop
Seat 4: 64e75a44 (button) folded before Flop
Seat 5: 1a71cae (small blind) collected (504)
Seat 6: 525a0c62 (big blind) folded before Flop
Seat 7: e5375088 folded before Flop
Seat 8: f1df88da folded before Flop


Poker Hand #TM3579175570: Tournament #158060956, Bounty Hunters Special $1.08 Hold'em No Limit - Level2(60/120) - 2024/08/14 09:44:45
Table '57' 8-max Seat #3 is the button
Seat 1: 11edd9e9 (11,928 in chips)
Seat 2: Hero (9,366 in chips)
Seat 3: 21df59a4 (6,983 in chips)
Seat 4: 64e75a44 (9,478 in chips)
Seat 5: 1a71cae (13,004 in chips)
Seat 6: 525a0c62 (10,534 in chips)
Seat 7: e5375088 (20,287 in chips)
Seat 8: f1df88da (7,760 in chips)
f1df88da: posts the ante 18
64e75a44: posts the ante 18
1a71cae: posts the ante 18
e5375088: posts the ante 18
11edd9e9: posts the ante 18
21df59a4: posts the ante 18
525a0c62: posts the ante 18
Hero: posts the ante 18
64e75a44: posts small blind 60
1a71cae: posts big blind 120
*** HOLE CARDS ***
Dealt to 11edd9e9 
Dealt to Hero [3c Jd]
Dealt to 21df59a4 
Dealt to 64e75a44 
Dealt to 1a71cae 
Dealt to 525a0c62 
Dealt to e5375088 
Dealt to f1df88da 
525a0c62: folds
e5375088: folds
f1df88da: calls 120
11edd9e9: folds
Hero: folds
21df59a4: folds
64e75a44: raises 360 to 480
1a71cae: folds
f1df88da: raises 360 to 840
64e75a44: calls 360
*** FLOP *** [Qh 2s 5h]
64e75a44: checks
f1df88da: bets 1,458
64e75a44: calls 1,458
*** TURN *** [Qh 2s 5h] [3s]
64e75a44: checks
f1df88da: checks
*** RIVER *** [Qh 2s 5h 3s] [5d]
64e75a44: bets 2,160
f1df88da: calls 2,160
64e75a44: shows [7d 7s] (Pair of Sevens and Pair of Fives)
f1df88da: shows [Ah Td] (Pair of Fives)
*** SHOWDOWN ***
64e75a44 collected 9,180 from pot
*** SUMMARY ***
Total pot 9,180 | Rake 0 | Jackpot 0 | Bingo 0 | Fortune 0 | Tax 0
Board [Qh 2s 5h 3s 5d]
Seat 1: 11edd9e9 folded before Flop
Seat 2: Hero folded before Flop
Seat 3: 21df59a4 (button) folded before Flop
Seat 4: 64e75a44 (small blind) showed [7d 7s] and won (9,180) with Pair of Sevens and Pair of Fives
Seat 5: 1a71cae (big blind) folded before Flop
Seat 6: 525a0c62 folded before Flop
Seat 7: e5375088 folded before Flop
Seat 8: f1df88da showed [Ah Td] and lost with Pair of Fives


Poker Hand #TM3579175554: Tournament #158060956, Bounty Hunters Special $1.08 Hold'em No Limit - Level2(60/120) - 2024/08/14 09:43:55
Table '57' 8-max Seat #2 is the button
Seat 1: 11edd9e9 (11,946 in chips)
Seat 2: Hero (9,384 in chips)
Seat 3: 21df59a4 (8,537 in chips)
Seat 4: 64e75a44 (9,736 in chips)
Seat 5: 1a71cae (13,022 in chips)
Seat 6: 525a0c62 (10,552 in chips)
Seat 7: e5375088 (18,385 in chips)
Seat 8: f1df88da (7,778 in chips)
f1df88da: posts the ante 18
64e75a44: posts the ante 18
1a71cae: posts the ante 18
e5375088: posts the ante 18
11edd9e9: posts the ante 18
21df59a4: posts the ante 18
525a0c62: posts the ante 18
Hero: posts the ante 18
21df59a4: posts small blind 60
64e75a44: posts big blind 120
*** HOLE CARDS ***
Dealt to 11edd9e9 
Dealt to Hero [8c 2h]
Dealt to 21df59a4 
Dealt to 64e75a44 
Dealt to 1a71cae 
Dealt to 525a0c62 
Dealt to e5375088 
Dealt to f1df88da 
1a71cae: folds
525a0c62: folds
e5375088: raises 120 to 240
f1df88da: folds
11edd9e9: folds
Hero: folds
21df59a4: calls 180
64e75a44: calls 120
*** FLOP *** [Kc 5d Tc]
21df59a4: checks
64e75a44: checks
e5375088: bets 432
21df59a4: calls 432
64e75a44: folds
*** TURN *** [Kc 5d Tc] [5h]
21df59a4: checks
e5375088: bets 864
21df59a4: calls 864
*** RIVER *** [Kc 5d Tc 5h] [3h]
21df59a4: checks
e5375088: bets 1,141
21df59a4: folds
Uncalled bet (1,141) returned to e5375088
*** SHOWDOWN ***
e5375088 collected 3,456 from pot
*** SUMMARY ***
Total pot 3,456 | Rake 0 | Jackpot 0 | Bingo 0 | Fortune 0 | Tax 0
Board [Kc 5d Tc 5h 3h]
Seat 1: 11edd9e9 folded before Flop
Seat 2: Hero (button) folded before Flop
Seat 3: 21df59a4 (small blind) folded on the River
Seat 4: 64e75a44 (big blind) folded on the Flop
Seat 5: 1a71cae folded before Flop
Seat 6: 525a0c62 folded before Flop
Seat 7: e5375088 won (3,456)
Seat 8: f1df88da folded before Flop


Poker Hand #TM3579175535: Tournament #158060956, Bounty Hunters Special $1.08 Hold'em No Limit - Level2(60/120) - 2024/08/14 09:43:04
Table '57' 8-max Seat #1 is the button
Seat 1: 11edd9e9 (11,964 in chips)
Seat 2: Hero (9,462 in chips)
Seat 3: 21df59a4 (8,675 in chips)
Seat 4: 64e75a44 (9,754 in chips)
Seat 5: 1a71cae (13,040 in chips)
Seat 6: 525a0c62 (9,982 in chips)
Seat 7: e5375088 (18,667 in chips)
Seat 8: f1df88da (7,796 in chips)
f1df88da: posts the ante 18
64e75a44: posts the ante 18
1a71cae: posts the ante 18
e5375088: posts the ante 18
11edd9e9: posts the ante 18
21df59a4: posts the ante 18
525a0c62: posts the ante 18
Hero: posts the ante 18
Hero: posts small blind 60
21df59a4: posts big blind 120
*** HOLE CARDS ***
Dealt to 11edd9e9 
Dealt to Hero [6c 4h]
Dealt to 21df59a4 
Dealt to 64e75a44 
Dealt to 1a71cae 
Dealt to 525a0c62 
Dealt to e5375088 
Dealt to f1df88da 
64e75a44: folds
1a71cae: folds
525a0c62: raises 144 to 264
e5375088: calls 264
f1df88da: folds
11edd9e9: folds
Hero: folds
21df59a4: folds
*** FLOP *** [As 6s Td]
525a0c62: checks
e5375088: checks
*** TURN *** [As 6s Td] [Qh]
525a0c62: bets 426
e5375088: folds
Uncalled bet (426) returned to 525a0c62
*** SHOWDOWN ***
525a0c62 collected 852 from pot
*** SUMMARY ***
Total pot 852 | Rake 0 | Jackpot 0 | Bingo 0 | Fortune 0 | Tax 0
Board [As 6s Td Qh]
Seat 1: 11edd9e9 (button) folded before Flop
Seat 2: Hero (small blind) folded before Flop
Seat 3: 21df59a4 (big blind) folded before Flop
Seat 4: 64e75a44 folded before Flop
Seat 5: 1a71cae folded before Flop
Seat 6: 525a0c62 won (852)
Seat 7: e5375088 folded on the Turn
Seat 8: f1df88da folded before Flop


Poker Hand #TM3579175521: Tournament #158060956, Bounty Hunters Special $1.08 Hold'em No Limit - Level2(60/120) - 2024/08/14 09:42:16
Table '57' 8-max Seat #8 is the button
Seat 1: 11edd9e9 (12,234 in chips)
Seat 2: Hero (9,732 in chips)
Seat 3: 21df59a4 (8,693 in chips)
Seat 4: 64e75a44 (9,772 in chips)
Seat 5: 1a71cae (12,410 in chips)
Seat 6: 525a0c62 (10,000 in chips)
Seat 7: e5375088 (18,685 in chips)
Seat 8: f1df88da (7,814 in chips)
f1df88da: posts the ante 18
64e75a44: posts the ante 18
1a71cae: posts the ante 18
e5375088: posts the ante 18
11edd9e9: posts the ante 18
21df59a4: posts the ante 18
525a0c62: posts the ante 18
Hero: posts the ante 18
11edd9e9: posts small blind 60
Hero: posts big blind 120
*** HOLE CARDS ***
Dealt to 11edd9e9 
Dealt to Hero [4s 8s]
Dealt to 21df59a4 
Dealt to 64e75a44 
Dealt to 1a71cae 
Dealt to 525a0c62 
Dealt to e5375088 
Dealt to f1df88da 
21df59a4: folds
64e75a44: folds
1a71cae: raises 132 to 252
525a0c62: folds
e5375088: folds
f1df88da: folds
11edd9e9: calls 192
Hero: calls 132
*** FLOP *** [3c 7c Jd]
11edd9e9: checks
Hero: checks
1a71cae: bets 297
11edd9e9: folds
Hero: folds
Uncalled bet (297) returned to 1a71cae
*** SHOWDOWN ***
1a71cae collected 900 from pot
*** SUMMARY ***
Total pot 900 | Rake 0 | Jackpot 0 | Bingo 0 | Fortune 0 | Tax 0
Board [3c 7c Jd]
Seat 1: 11edd9e9 (small blind) folded on the Flop
Seat 2: Hero (big blind) folded on the Flop
Seat 3: 21df59a4 folded before Flop
Seat 4: 64e75a44 folded before Flop
Seat 5: 1a71cae won (900)
Seat 6: 525a0c62 folded before Flop
Seat 7: e5375088 folded before Flop
Seat 8: f1df88da (button) folded before Flop


Poker Hand #TM3579175500: Tournament #158060956, Bounty Hunters Special $1.08 Hold'em No Limit - Level2(60/120) - 2024/08/14 09:41:18
Table '57' 8-max Seat #7 is the button
Seat 1: 11edd9e9 (11,133 in chips)
Seat 2: Hero (9,750 in chips)
Seat 3: 21df59a4 (9,404 in chips)
Seat 4: 64e75a44 (9,790 in chips)
Seat 5: 1a71cae (12,428 in chips)
Seat 7: e5375088 (18,943 in chips)
Seat 8: f1df88da (7,892 in chips)
f1df88da: posts the ante 18
64e75a44: posts the ante 18
1a71cae: posts the ante 18
e5375088: posts the ante 18
11edd9e9: posts the ante 18
21df59a4: posts the ante 18
Hero: posts the ante 18
f1df88da: posts small blind 60
11edd9e9: posts big blind 120
*** HOLE CARDS ***
Dealt to 11edd9e9 
Dealt to Hero [6h 2s]
Dealt to 21df59a4 
Dealt to 64e75a44 
Dealt to 1a71cae 
Dealt to e5375088 
Dealt to f1df88da 
Hero: folds
21df59a4: raises 120 to 240
64e75a44: folds
1a71cae: folds
e5375088: calls 240
f1df88da: folds
11edd9e9: calls 120
*** FLOP *** [6c 7d 4s]
11edd9e9: checks
21df59a4: bets 453
e5375088: folds
11edd9e9: raises 906 to 1,359
21df59a4: folds
Uncalled bet (906) returned to 11edd9e9
*** SHOWDOWN ***
11edd9e9 collected 1,812 from pot
*** SUMMARY ***
Total pot 1,812 | Rake 0 | Jackpot 0 | Bingo 0 | Fortune 0 | Tax 0
Board [6c 7d 4s]
Seat 1: 11edd9e9 (big blind) won (1,812)
Seat 2: Hero folded before Flop
Seat 3: 21df59a4 folded on the Flop
Seat 4: 64e75a44 folded before Flop
Seat 5: 1a71cae folded before Flop
Seat 7: e5375088 (button) folded on the Flop
Seat 8: f1df88da (small blind) folded before Flop


Poker Hand #TM3579175469: Tournament #158060956, Bounty Hunters Special $1.08 Hold'em No Limit - Level1(50/100) - 2024/08/14 09:39:45
Table '57' 8-max Seat #5 is the button
Seat 1: 11edd9e9 (11,148 in chips)
Seat 2: Hero (9,765 in chips)
Seat 3: 21df59a4 (9,419 in chips)
Seat 4: 64e75a44 (9,805 in chips)
Seat 5: 1a71cae (12,443 in chips)
Seat 6: 1fd8b802 (8,928 in chips)
Seat 7: e5375088 (9,925 in chips)
Seat 8: f1df88da (7,907 in chips)
f1df88da: posts the ante 15
64e75a44: posts the ante 15
1a71cae: posts the ante 15
e5375088: posts the ante 15
11edd9e9: posts the ante 15
21df59a4: posts the ante 15
Hero: posts the ante 15
1fd8b802: posts the ante 15
1fd8b802: posts small blind 50
e5375088: posts big blind 100
*** HOLE CARDS ***
Dealt to 11edd9e9 
Dealt to Hero [Ad 3c]
Dealt to 21df59a4 
Dealt to 64e75a44 
Dealt to 1a71cae 
Dealt to 1fd8b802 
Dealt to e5375088 
Dealt to f1df88da 
f1df88da: folds
11edd9e9: folds
Hero: folds
21df59a4: folds
64e75a44: folds
1a71cae: folds
1fd8b802: calls 50
e5375088: checks
*** FLOP *** [8c Qh 8h]
1fd8b802: checks
e5375088: checks
*** TURN *** [8c Qh 8h] [6h]
1fd8b802: checks
e5375088: checks
*** RIVER *** [8c Qh 8h 6h] [Js]
1fd8b802: bets 320
e5375088: raises 480 to 800
1fd8b802: raises 8,013 to 8,813 and is all-in
e5375088: calls 8,013
1fd8b802: shows [8s Ks] (Three Eights)
e5375088: shows [9c Ts] (Queens-High Straight)
*** SHOWDOWN ***
e5375088 collected 17,946 from pot
*** SUMMARY ***
Total pot 17,946 | Rake 0 | Jackpot 0 | Bingo 0 | Fortune 0 | Tax 0
Board [8c Qh 8h 6h Js]
Seat 1: 11edd9e9 folded before Flop
Seat 2: Hero folded before Flop
Seat 3: 21df59a4 folded before Flop
Seat 4: 64e75a44 folded before Flop
Seat 5: 1a71cae (button) folded before Flop
Seat 6: 1fd8b802 (small blind) showed [8s Ks] and lost with Three Eights
Seat 7: e5375088 (big blind) showed [9c Ts] and won (17,946) with Queens-High Straight
Seat 8: f1df88da folded before Flop


Poker Hand #TM3579175450: Tournament #158060956, Bounty Hunters Special $1.08 Hold'em No Limit - Level1(50/100) - 2024/08/14 09:38:53
Table '57' 8-max Seat #4 is the button
Seat 1: 11edd9e9 (11,163 in chips)
Seat 2: Hero (9,780 in chips)
Seat 3: 21df59a4 (9,434 in chips)
Seat 4: 64e75a44 (9,820 in chips)
Seat 5: 1a71cae (12,348 in chips)
Seat 6: 1fd8b802 (9,043 in chips)
Seat 7: e5375088 (9,940 in chips)
Seat 8: f1df88da (7,812 in chips)
f1df88da: posts the ante 15
64e75a44: posts the ante 15
1a71cae: posts the ante 15
e5375088: posts the ante 15
11edd9e9: posts the ante 15
21df59a4: posts the ante 15
Hero: posts the ante 15
1fd8b802: posts the ante 15
1a71cae: posts small blind 50
1fd8b802: posts big blind 100
*** HOLE CARDS ***
Dealt to 11edd9e9 
Dealt to Hero [3d 7s]
Dealt to 21df59a4 
Dealt to 64e75a44 
Dealt to 1a71cae 
Dealt to 1fd8b802 
Dealt to e5375088 
Dealt to f1df88da 
e5375088: folds
f1df88da: raises 100 to 200
11edd9e9: folds
Hero: folds
21df59a4: folds
64e75a44: folds
1a71cae: calls 150
1fd8b802: folds
*** FLOP *** [2d 6d Ks]
1a71cae: checks
f1df88da: checks
*** TURN *** [2d 6d Ks] [8h]
1a71cae: checks
f1df88da: checks
*** RIVER *** [2d 6d Ks 8h] [Jd]
1a71cae: checks
f1df88da: checks
1a71cae: shows [4s 4c] (Pair of Fours)
f1df88da: shows [4d 4h] (Pair of Fours)
*** SHOWDOWN ***
f1df88da collected 310 from pot
1a71cae collected 310 from pot
*** SUMMARY ***
Total pot 620 | Rake 0 | Jackpot 0 | Bingo 0 | Fortune 0 | Tax 0
Board [2d 6d Ks 8h Jd]
Seat 1: 11edd9e9 folded before Flop
Seat 2: Hero folded before Flop
Seat 3: 21df59a4 folded before Flop
Seat 4: 64e75a44 (button) folded before Flop
Seat 5: 1a71cae (small blind) showed [4s 4c] and won (310) with Pair of Fours
Seat 6: 1fd8b802 (big blind) folded before Flop
Seat 7: e5375088 folded before Flop
Seat 8: f1df88da showed [4d 4h] and won (310) with Pair of Fours


Poker Hand #TM3579175433: Tournament #158060956, Bounty Hunters Special $1.08 Hold'em No Limit - Level1(50/100) - 2024/08/14 09:38:00
Table '57' 8-max Seat #3 is the button
Seat 1: 11edd9e9 (10,508 in chips)
Seat 2: Hero (9,995 in chips)
Seat 3: 21df59a4 (9,649 in chips)
Seat 4: 64e75a44 (9,885 in chips)
Seat 5: 1a71cae (12,463 in chips)
Seat 6: 1fd8b802 (9,058 in chips)
Seat 7: e5375088 (9,955 in chips)
Seat 8: f1df88da (7,827 in chips)
f1df88da: posts the ante 15
64e75a44: posts the ante 15
1a71cae: posts the ante 15
e5375088: posts the ante 15
11edd9e9: posts the ante 15
21df59a4: posts the ante 15
Hero: posts the ante 15
1fd8b802: posts the ante 15
64e75a44: posts small blind 50
1a71cae: posts big blind 100
*** HOLE CARDS ***
Dealt to 11edd9e9 
Dealt to Hero [9c Tc]
Dealt to 21df59a4 
Dealt to 64e75a44 
Dealt to 1a71cae 
Dealt to 1fd8b802 
Dealt to e5375088 
Dealt to f1df88da 
1fd8b802: folds
e5375088: folds
f1df88da: folds
11edd9e9: raises 100 to 200
Hero: calls 200
21df59a4: calls 200
64e75a44: folds
1a71cae: folds
*** FLOP *** [5d Kc 2h]
11edd9e9: bets 288
Hero: folds
21df59a4: folds
Uncalled bet (288) returned to 11edd9e9
*** SHOWDOWN ***
11edd9e9 collected 870 from pot
*** SUMMARY ***
Total pot 870 | Rake 0 | Jackpot 0 | Bingo 0 | Fortune 0 | Tax 0
Board [5d Kc 2h]
Seat 1: 11edd9e9 won (870)
Seat 2: Hero folded on the Flop
Seat 3: 21df59a4 (button) folded on the Flop
Seat 4: 64e75a44 (small blind) folded before Flop
Seat 5: 1a71cae (big blind) folded before Flop
Seat 6: 1fd8b802 folded before Flop
Seat 7: e5375088 folded before Flop
Seat 8: f1df88da folded before Flop


Poker Hand #TM3579175423: Tournament #158060956, Bounty Hunters Special $1.08 Hold'em No Limit - Level1(50/100) - 2024/08/14 09:37:19
Table '57' 8-max Seat #2 is the button
Seat 1: 11edd9e9 (10,523 in chips)
Seat 2: Hero (10,010 in chips)
Seat 3: 21df59a4 (9,714 in chips)
Seat 4: 64e75a44 (10,000 in chips)
Seat 5: 1a71cae (12,478 in chips)
Seat 6: 1fd8b802 (8,803 in chips)
Seat 7: e5375088 (9,970 in chips)
Seat 8: f1df88da (7,842 in chips)
f1df88da: posts the ante 15
64e75a44: posts the ante 15
1a71cae: posts the ante 15
e5375088: posts the ante 15
11edd9e9: posts the ante 15
21df59a4: posts the ante 15
Hero: posts the ante 15
1fd8b802: posts the ante 15
21df59a4: posts small blind 50
64e75a44: posts big blind 100
*** HOLE CARDS ***
Dealt to 11edd9e9 
Dealt to Hero [8s Jd]
Dealt to 21df59a4 
Dealt to 64e75a44 
Dealt to 1a71cae 
Dealt to 1fd8b802 
Dealt to e5375088 
Dealt to f1df88da 
1a71cae: folds
1fd8b802: calls 100
e5375088: folds
f1df88da: folds
11edd9e9: folds
Hero: folds
21df59a4: folds
64e75a44: checks
*** FLOP *** [4h 8d 2h]
64e75a44: checks
1fd8b802: checks
*** TURN *** [4h 8d 2h] [Ad]
64e75a44: checks
1fd8b802: checks
*** RIVER *** [4h 8d 2h Ad] [7d]
64e75a44: checks
1fd8b802: checks
64e75a44: shows [5c 9c] (Ace-High)
1fd8b802: shows [Ts Kh] (Ace-High)
*** SHOWDOWN ***
1fd8b802 collected 370 from pot
*** SUMMARY ***
Total pot 370 | Rake 0 | Jackpot 0 | Bingo 0 | Fortune 0 | Tax 0
Board [4h 8d 2h Ad 7d]
Seat 1: 11edd9e9 folded before Flop
Seat 2: Hero (button) folded before Flop
Seat 3: 21df59a4 (small blind) folded before Flop
Seat 4: 64e75a44 (big blind) showed [5c 9c] and lost with Ace-High
Seat 5: 1a71cae folded before Flop
Seat 6: 1fd8b802 showed [Ts Kh] and won (370) with Ace-High
Seat 7: e5375088 folded before Flop
Seat 8: f1df88da folded before Flop


Poker Hand #TM3579175404: Tournament #158060956, Bounty Hunters Special $1.08 Hold'em No Limit - Level1(50/100) - 2024/08/14 09:36:21
Table '57' 8-max Seat #1 is the button
Seat 1: 11edd9e9 (10,538 in chips)
Seat 2: Hero (10,259 in chips)
Seat 3: 21df59a4 (9,156 in chips)
Seat 5: 1a71cae (12,493 in chips)
Seat 6: 1fd8b802 (9,052 in chips)
Seat 7: e5375088 (9,985 in chips)
Seat 8: f1df88da (7,857 in chips)
f1df88da: posts the ante 15
1a71cae: posts the ante 15
e5375088: posts the ante 15
11edd9e9: posts the ante 15
21df59a4: posts the ante 15
1fd8b802: posts the ante 15
Hero: posts the ante 15
Hero: posts small blind 50
21df59a4: posts big blind 100
*** HOLE CARDS ***
Dealt to 11edd9e9 
Dealt to Hero [5c 3s]
Dealt to 21df59a4 
Dealt to 1a71cae 
Dealt to 1fd8b802 
Dealt to e5375088 
Dealt to f1df88da 
1a71cae: folds
1fd8b802: calls 100
e5375088: folds
f1df88da: folds
11edd9e9: folds
Hero: calls 50
21df59a4: checks
*** FLOP *** [5d 4s 9c]
Hero: checks
21df59a4: checks
1fd8b802: bets 134
Hero: calls 134
21df59a4: calls 134
*** TURN *** [5d 4s 9c] [Js]
Hero: checks
21df59a4: checks
1fd8b802: checks
*** RIVER *** [5d 4s 9c Js] [6c]
Hero: checks
21df59a4: checks
1fd8b802: checks
Hero: shows [5c 3s] (Pair of Fives)
21df59a4: shows [5h Td] (Pair of Fives)
1fd8b802: shows [4h Kh] (Pair of Fours)
*** SHOWDOWN ***
21df59a4 collected 807 from pot
*** SUMMARY ***
Total pot 807 | Rake 0 | Jackpot 0 | Bingo 0 | Fortune 0 | Tax 0
Board [5d 4s 9c Js 6c]
Seat 1: 11edd9e9 (button) folded before Flop
Seat 2: Hero (small blind) showed [5c 3s] and lost with Pair of Fives
Seat 3: 21df59a4 (big blind) showed [5h Td] and won (807) with Pair of Fives
Seat 5: 1a71cae folded before Flop
Seat 6: 1fd8b802 showed [4h Kh] and lost with Pair of Fours
Seat 7: e5375088 folded before Flop
Seat 8: f1df88da folded before Flop


Poker Hand #TM3579175385: Tournament #158060956, Bounty Hunters Special $1.08 Hold'em No Limit - Level1(50/100) - 2024/08/14 09:35:41
Table '57' 8-max Seat #8 is the button
Seat 1: 11edd9e9 (10,603 in chips)
Seat 2: Hero (9,715 in chips)
Seat 3: 21df59a4 (9,560 in chips)
Seat 4: 76a02c38 (11,586 in chips)
Seat 5: 1a71cae (12,508 in chips)
Seat 6: 1fd8b802 (9,067 in chips)
Seat 7: e5375088 (10,000 in chips)
Seat 8: f1df88da (7,872 in chips)
f1df88da: posts the ante 15
1a71cae: posts the ante 15
e5375088: posts the ante 15
11edd9e9: posts the ante 15
21df59a4: posts the ante 15
1fd8b802: posts the ante 15
Hero: posts the ante 15
76a02c38: posts the ante 15
11edd9e9: posts small blind 50
Hero: posts big blind 100
*** HOLE CARDS ***
Dealt to 11edd9e9 
Dealt to Hero [7c Kd]
Dealt to 21df59a4 
Dealt to 76a02c38 
Dealt to 1a71cae 
Dealt to 1fd8b802 
Dealt to e5375088 
Dealt to f1df88da 
21df59a4: raises 100 to 200
76a02c38: folds
1a71cae: folds
1fd8b802: folds
e5375088: folds
f1df88da: folds
11edd9e9: folds
Hero: calls 100
*** FLOP *** [Kh 5h 9s]
Hero: checks
21df59a4: bets 189
Hero: raises 313 to 502
21df59a4: folds
Uncalled bet (313) returned to Hero
*** SHOWDOWN ***
Hero collected 948 from pot
*** SUMMARY ***
Total pot 948 | Rake 0 | Jackpot 0 | Bingo 0 | Fortune 0 | Tax 0
Board [Kh 5h 9s]
Seat 1: 11edd9e9 (small blind) folded before Flop
Seat 2: Hero (big blind) won (948)
Seat 3: 21df59a4 folded on the Flop
Seat 4: 76a02c38 folded before Flop
Seat 5: 1a71cae folded before Flop
Seat 6: 1fd8b802 folded before Flop
Seat 7: e5375088 folded before Flop
Seat 8: f1df88da (button) folded before Flop


Poker Hand #TM3579175371: Tournament #158060956, Bounty Hunters Special $1.08 Hold'em No Limit - Level1(50/100) - 2024/08/14 09:34:49
Table '57' 8-max Seat #6 is the button
Seat 1: 11edd9e9 (9,760 in chips)
Seat 2: Hero (9,730 in chips)
Seat 3: 21df59a4 (9,775 in chips)
Seat 4: 76a02c38 (11,601 in chips)
Seat 5: 1a71cae (12,523 in chips)
Seat 6: 1fd8b802 (9,082 in chips)
Seat 8: f1df88da (8,440 in chips)
f1df88da: posts the ante 15
1a71cae: posts the ante 15
11edd9e9: posts the ante 15
21df59a4: posts the ante 15
1fd8b802: posts the ante 15
Hero: posts the ante 15
76a02c38: posts the ante 15
f1df88da: posts small blind 50
11edd9e9: posts big blind 100
*** HOLE CARDS ***
Dealt to 11edd9e9 
Dealt to Hero [5s 3s]
Dealt to 21df59a4 
Dealt to 76a02c38 
Dealt to 1a71cae 
Dealt to 1fd8b802 
Dealt to f1df88da 
Hero: folds
21df59a4: raises 100 to 200
76a02c38: folds
1a71cae: folds
1fd8b802: folds
f1df88da: calls 150
11edd9e9: calls 100
*** FLOP *** [Js 3d 8h]
f1df88da: checks
11edd9e9: bets 353
21df59a4: folds
f1df88da: calls 353
*** TURN *** [Js 3d 8h] [Jh]
f1df88da: checks
11edd9e9: checks
*** RIVER *** [Js 3d 8h Jh] [9c]
f1df88da: checks
11edd9e9: bets 1,059
f1df88da: folds
Uncalled bet (1,059) returned to 11edd9e9
*** SHOWDOWN ***
11edd9e9 collected 1,411 from pot
*** SUMMARY ***
Total pot 1,411 | Rake 0 | Jackpot 0 | Bingo 0 | Fortune 0 | Tax 0
Board [Js 3d 8h Jh 9c]
Seat 1: 11edd9e9 (big blind) won (1,411)
Seat 2: Hero folded before Flop
Seat 3: 21df59a4 folded on the Flop
Seat 4: 76a02c38 folded before Flop
Seat 5: 1a71cae folded before Flop
Seat 6: 1fd8b802 (button) folded before Flop
Seat 8: f1df88da (small blind) folded on the River


Poker Hand #TM3579175353: Tournament #158060956, Bounty Hunters Special $1.08 Hold'em No Limit - Level1(50/100) - 2024/08/14 09:33:55
Table '57' 8-max Seat #5 is the button
Seat 1: 11edd9e9 (9,775 in chips)
Seat 2: Hero (10,045 in chips)
Seat 3: 21df59a4 (9,790 in chips)
Seat 4: 76a02c38 (11,061 in chips)
Seat 5: 1a71cae (12,538 in chips)
Seat 6: 1fd8b802 (9,147 in chips)
Seat 8: f1df88da (8,555 in chips)
f1df88da: posts the ante 15
1a71cae: posts the ante 15
11edd9e9: posts the ante 15
21df59a4: posts the ante 15
Hero: posts the ante 15
1fd8b802: posts the ante 15
76a02c38: posts the ante 15
1fd8b802: posts small blind 50
f1df88da: posts big blind 100
*** HOLE CARDS ***
Dealt to 11edd9e9 
Dealt to Hero [9c Qs]
Dealt to 21df59a4 
Dealt to 76a02c38 
Dealt to 1a71cae 
Dealt to 1fd8b802 
Dealt to f1df88da 
11edd9e9: folds
Hero: calls 100
21df59a4: folds
76a02c38: raises 200 to 300
1a71cae: folds
1fd8b802: folds
f1df88da: folds
Hero: calls 200
*** FLOP *** [8s 8h 4h]
Hero: checks
76a02c38: checks
*** TURN *** [8s 8h 4h] [Td]
Hero: checks
76a02c38: checks
*** RIVER *** [8s 8h 4h Td] [4s]
Hero: checks
76a02c38: checks
Hero: shows [9c Qs] (Pair of Eights and Pair of Fours)
76a02c38: shows [Ah Qd] (Pair of Eights and Pair of Fours)
*** SHOWDOWN ***
76a02c38 collected 855 from pot
*** SUMMARY ***
Total pot 855 | Rake 0 | Jackpot 0 | Bingo 0 | Fortune 0 | Tax 0
Board [8s 8h 4h Td 4s]
Seat 1: 11edd9e9 folded before Flop
Seat 2: Hero showed [9c Qs] and lost with Pair of Eights and Pair of Fours
Seat 3: 21df59a4 folded before Flop
Seat 4: 76a02c38 showed [Ah Qd] and won (855) with Pair of Eights and Pair of Fours
Seat 5: 1a71cae (button) folded before Flop
Seat 6: 1fd8b802 (small blind) folded before Flop
Seat 8: f1df88da (big blind) folded before Flop


Poker Hand #TM3579175336: Tournament #158060956, Bounty Hunters Special $1.08 Hold'em No Limit - Level1(50/100) - 2024/08/14 09:33:07
Table '57' 8-max Seat #4 is the button
Seat 1: 11edd9e9 (9,890 in chips)
Seat 2: Hero (10,060 in chips)
Seat 3: 21df59a4 (9,805 in chips)
Seat 4: 76a02c38 (11,076 in chips)
Seat 5: 1a71cae (11,495 in chips)
Seat 6: 1fd8b802 (10,000 in chips)
Seat 7: e172f5b0 (8,270 in chips)
Seat 8: f1df88da (8,570 in chips)
f1df88da: posts the ante 15
e172f5b0: posts the ante 15
1a71cae: posts the ante 15
11edd9e9: posts the ante 15
21df59a4: posts the ante 15
Hero: posts the ante 15
1fd8b802: posts the ante 15
76a02c38: posts the ante 15
1a71cae: posts small blind 50
1fd8b802: posts big blind 100
*** HOLE CARDS ***
Dealt to 11edd9e9 
Dealt to Hero [3s 5h]
Dealt to 21df59a4 
Dealt to 76a02c38 
Dealt to 1a71cae 
Dealt to 1fd8b802 
Dealt to e172f5b0 
Dealt to f1df88da 
e172f5b0: folds
f1df88da: folds
11edd9e9: calls 100
Hero: folds
21df59a4: folds
76a02c38: folds
1a71cae: raises 250 to 350
1fd8b802: calls 250
11edd9e9: folds
*** FLOP *** [Td Qc Kd]
1a71cae: bets 488
1fd8b802: calls 488
*** TURN *** [Td Qc Kd] [3d]
1a71cae: bets 1,005
1fd8b802: folds
Uncalled bet (1,005) returned to 1a71cae
*** SHOWDOWN ***
1a71cae collected 1,896 from pot
*** SUMMARY ***
Total pot 1,896 | Rake 0 | Jackpot 0 | Bingo 0 | Fortune 0 | Tax 0
Board [Td Qc Kd 3d]
Seat 1: 11edd9e9 folded before Flop
Seat 2: Hero folded before Flop
Seat 3: 21df59a4 folded before Flop
Seat 4: 76a02c38 (button) folded before Flop
Seat 5: 1a71cae (small blind) won (1,896)
Seat 6: 1fd8b802 (big blind) folded on the Turn
Seat 7: e172f5b0 folded before Flop
Seat 8: f1df88da folded before Flop


Poker Hand #TM3579175322: Tournament #158060956, Bounty Hunters Special $1.08 Hold'em No Limit - Level1(50/100) - 2024/08/14 09:32:21
Table '57' 8-max Seat #3 is the button
Seat 1: 11edd9e9 (9,905 in chips)
Seat 2: Hero (10,075 in chips)
Seat 3: 21df59a4 (9,820 in chips)
Seat 4: 76a02c38 (11,141 in chips)
Seat 5: 1a71cae (9,955 in chips)
Seat 6: 71cde821 (9,970 in chips)
Seat 7: e172f5b0 (8,285 in chips)
Seat 8: f1df88da (9,970 in chips)
f1df88da: posts the ante 15
e172f5b0: posts the ante 15
1a71cae: posts the ante 15
11edd9e9: posts the ante 15
21df59a4: posts the ante 15
71cde821: posts the ante 15
Hero: posts the ante 15
76a02c38: posts the ante 15
76a02c38: posts small blind 50
1a71cae: posts big blind 100
*** HOLE CARDS ***
Dealt to 11edd9e9 
Dealt to Hero [6c Jh]
Dealt to 21df59a4 
Dealt to 76a02c38 
Dealt to 1a71cae 
Dealt to 71cde821 
Dealt to e172f5b0 
Dealt to f1df88da 
71cde821: folds
e172f5b0: folds
f1df88da: raises 100 to 200
11edd9e9: folds
Hero: folds
21df59a4: folds
76a02c38: folds
1a71cae: raises 450 to 650
f1df88da: calls 450
*** FLOP *** [2h 5c 6h]
1a71cae: checks
f1df88da: checks
*** TURN *** [2h 5c 6h] [7d]
1a71cae: bets 735
f1df88da: calls 735
*** RIVER *** [2h 5c 6h 7d] [8d]
1a71cae: bets 1,970
f1df88da: folds
Uncalled bet (1,970) returned to 1a71cae
*** SHOWDOWN ***
1a71cae collected 2,940 from pot
*** SUMMARY ***
Total pot 2,940 | Rake 0 | Jackpot 0 | Bingo 0 | Fortune 0 | Tax 0
Board [2h 5c 6h 7d 8d]
Seat 1: 11edd9e9 folded before Flop
Seat 2: Hero folded before Flop
Seat 3: 21df59a4 (button) folded before Flop
Seat 4: 76a02c38 (small blind) folded before Flop
Seat 5: 1a71cae (big blind) won (2,940)
Seat 6: 71cde821 folded before Flop
Seat 7: e172f5b0 folded before Flop
Seat 8: f1df88da folded on the River


Poker Hand #TM3579175297: Tournament #158060956, Bounty Hunters Special $1.08 Hold'em No Limit - Level1(50/100) - 2024/08/14 09:31:15
Table '57' 8-max Seat #2 is the button
Seat 1: 11edd9e9 (9,920 in chips)
Seat 2: Hero (10,090 in chips)
Seat 3: 21df59a4 (9,885 in chips)
Seat 4: 76a02c38 (9,301 in chips)
Seat 5: 1a71cae (9,970 in chips)
Seat 6: 71cde821 (9,985 in chips)
Seat 7: e172f5b0 (9,985 in chips)
Seat 8: f1df88da (9,985 in chips)
f1df88da: posts the ante 15
e172f5b0: posts the ante 15
1a71cae: posts the ante 15
11edd9e9: posts the ante 15
71cde821: posts the ante 15
21df59a4: posts the ante 15
Hero: posts the ante 15
76a02c38: posts the ante 15
21df59a4: posts small blind 50
76a02c38: posts big blind 100
*** HOLE CARDS ***
Dealt to 11edd9e9 
Dealt to Hero [7d 4c]
Dealt to 21df59a4 
Dealt to 76a02c38 
Dealt to 1a71cae 
Dealt to 71cde821 
Dealt to e172f5b0 
Dealt to f1df88da 
1a71cae: folds
71cde821: folds
e172f5b0: raises 120 to 220
f1df88da: folds
11edd9e9: folds
Hero: folds
21df59a4: folds
76a02c38: raises 580 to 800
e172f5b0: calls 580
*** FLOP *** [Jd 7s 2s]
76a02c38: bets 885
e172f5b0: calls 885
*** TURN *** [Jd 7s 2s] [8d]
76a02c38: bets 2,655
e172f5b0: folds
Uncalled bet (2,655) returned to 76a02c38
*** SHOWDOWN ***
76a02c38 collected 3,540 from pot
*** SUMMARY ***
Total pot 3,540 | Rake 0 | Jackpot 0 | Bingo 0 | Fortune 0 | Tax 0
Board [Jd 7s 2s 8d]
Seat 1: 11edd9e9 folded before Flop
Seat 2: Hero (button) folded before Flop
Seat 3: 21df59a4 (small blind) folded before Flop
Seat 4: 76a02c38 (big blind) won (3,540)
Seat 5: 1a71cae folded before Flop
Seat 6: 71cde821 folded before Flop
Seat 7: e172f5b0 folded on the Turn
Seat 8: f1df88da folded before Flop


Poker Hand #TM3579175280: Tournament #158060956, Bounty Hunters Special $1.08 Hold'em No Limit - Level1(50/100) - 2024/08/14 09:30:26
Table '57' 8-max Seat #1 is the button
Seat 1: 11edd9e9 (9,935 in chips)
Seat 2: Hero (9,885 in chips)
Seat 3: 21df59a4 (10,000 in chips)
Seat 4: 76a02c38 (9,316 in chips)
Seat 5: 1a71cae (9,985 in chips)
Seat 6: 71cde821 (10,000 in chips)
Seat 7: e172f5b0 (10,000 in chips)
Seat 8: f1df88da (10,000 in chips)
f1df88da: posts the ante 15
e172f5b0: posts the ante 15
1a71cae: posts the ante 15
11edd9e9: posts the ante 15
71cde821: posts the ante 15
21df59a4: posts the ante 15
Hero: posts the ante 15
76a02c38: posts the ante 15
Hero: posts small blind 50
21df59a4: posts big blind 100
*** HOLE CARDS ***
Dealt to 11edd9e9 
Dealt to Hero [7h Kh]
Dealt to 21df59a4 
Dealt to 76a02c38 
Dealt to 1a71cae 
Dealt to 71cde821 
Dealt to e172f5b0 
Dealt to f1df88da 
76a02c38: folds
1a71cae: folds
71cde821: folds
e172f5b0: folds
f1df88da: folds
11edd9e9: folds
Hero: calls 50
21df59a4: checks
*** FLOP *** [8c 6d Jd]
Hero: checks
21df59a4: checks
*** TURN *** [8c 6d Jd] [As]
Hero: checks
21df59a4: checks
*** RIVER *** [8c 6d Jd As] [2s]
Hero: checks
21df59a4: checks
Hero: shows [7h Kh] (Ace-High)
21df59a4: shows [4d 5s] (Ace-High)
*** SHOWDOWN ***
Hero collected 320 from pot
*** SUMMARY ***
Total pot 320 | Rake 0 | Jackpot 0 | Bingo 0 | Fortune 0 | Tax 0
Board [8c 6d Jd As 2s]
Seat 1: 11edd9e9 (button) folded before Flop
Seat 2: Hero (small blind) showed [7h Kh] and won (320) with Ace-High
Seat 3: 21df59a4 (big blind) showed [4d 5s] and lost with Ace-High
Seat 4: 76a02c38 folded before Flop
Seat 5: 1a71cae folded before Flop
Seat 6: 71cde821 folded before Flop
Seat 7: e172f5b0 folded before Flop
Seat 8: f1df88da folded before Flop


Poker Hand #TM3579175275: Tournament #158060956, Bounty Hunters Special $1.08 Hold'em No Limit - Level1(50/100) - 2024/08/14 09:30:02
Table '57' 8-max Seat #5 is the button
Seat 1: 11edd9e9 (10,000 in chips)
Seat 2: Hero (10,000 in chips)
Seat 3: efa97d82 (10,000 in chips)
Seat 4: 76a02c38 (10,000 in chips)
Seat 5: 1a71cae (10,000 in chips)
efa97d82: posts the ante 15
1a71cae: posts the ante 15
11edd9e9: posts the ante 15
Hero: posts the ante 15
76a02c38: posts the ante 15
11edd9e9: posts small blind 50
Hero: posts big blind 100
*** HOLE CARDS ***
Dealt to 11edd9e9 
Dealt to Hero [5d 3s]
Dealt to efa97d82 
Dealt to 76a02c38 
Dealt to 1a71cae 
efa97d82: raises 100 to 200
76a02c38: raises 469 to 669
1a71cae: folds
11edd9e9: folds
Hero: folds
efa97d82: raises 9,316 to 9,985 and is all-in
76a02c38: folds
Uncalled bet (9,316) returned to efa97d82
*** SHOWDOWN ***
efa97d82 collected 1,563 from pot
*** SUMMARY ***
Total pot 1,563 | Rake 0 | Jackpot 0 | Bingo 0 | Fortune 0 | Tax 0
Seat 1: 11edd9e9 (small blind) folded before Flop
Seat 2: Hero (big blind) folded before Flop
Seat 3: efa97d82 collected (1,563)
Seat 4: 76a02c38 folded before Flop
Seat 5: 1a71cae (button) folded before Flop


