Poker Hand #TM3556012739: Tournament #157928299, Mystery Bounty $1.08 - Test [Stage 1] Hold'em No Limit - Level6(150/300) - 2024/08/06 17:04:05
Table '12' 8-max Seat #8 is the button
Seat 1: 2560f0cf (27,086 in chips)
Seat 3: e4a04c7a (7,963 in chips)
Seat 4: 13bf823a (20,080 in chips)
Seat 5: 3c90f73 (11,893 in chips)
Seat 6: 22e59519 (6,698 in chips)
Seat 7: Hero (22,632 in chips)
Seat 8: 9161d984 (6,630 in chips)
13bf823a: posts the ante 45
9161d984: posts the ante 45
3c90f73: posts the ante 45
2560f0cf: posts the ante 45
Hero: posts the ante 45
22e59519: posts the ante 45
e4a04c7a: posts the ante 45
2560f0cf: posts small blind 150
e4a04c7a: posts big blind 300
*** HOLE CARDS ***
Dealt to 2560f0cf 
Dealt to e4a04c7a 
Dealt to 13bf823a 
Dealt to 3c90f73 
Dealt to 22e59519 
Dealt to Hero [Kd Kc]
Dealt to 9161d984 
13bf823a: folds
3c90f73: folds
22e59519: folds
Hero: raises 450 to 750
9161d984: folds
2560f0cf: raises 1,050 to 1,800
e4a04c7a: folds
Hero: raises 20,787 to 22,587 and is all-in
2560f0cf: calls 20,787
Hero: shows [Kd Kc]
2560f0cf: shows [As Ah]
*** FLOP *** [Tc Js 3d]
*** TURN *** [Tc Js 3d] [4s]
*** RIVER *** [Tc Js 3d 4s] [7d]
*** SHOWDOWN ***
2560f0cf collected 45,789 from pot
*** SUMMARY ***
Total pot 45,789 | Rake 0 | Jackpot 0 | Bingo 0 | Fortune 0 | Tax 0
Board [Tc Js 3d 4s 7d]
Seat 1: 2560f0cf (small blind) showed [As Ah] and won (45,789) with Pair of Aces
Seat 3: e4a04c7a (big blind) folded before Flop
Seat 4: 13bf823a folded before Flop
Seat 5: 3c90f73 folded before Flop
Seat 6: 22e59519 folded before Flop
Seat 7: Hero showed [Kd Kc] and lost with Pair of Kings
Seat 8: 9161d984 (button) folded before Flop


Poker Hand #TM3556012681: Tournament #157928299, Mystery Bounty $1.08 - Test [Stage 1] Hold'em No Limit - Level6(150/300) - 2024/08/06 17:03:12
Table '12' 8-max Seat #7 is the button
Seat 1: 2560f0cf (26,021 in chips)
Seat 2: 86f6b5f3 (4,213 in chips)
Seat 3: e4a04c7a (8,008 in chips)
Seat 4: 13bf823a (20,125 in chips)
Seat 5: 3c90f73 (11,938 in chips)
Seat 6: 22e59519 (7,343 in chips)
Seat 7: Hero (22,677 in chips)
Seat 8: 9161d984 (6,825 in chips)
13bf823a: posts the ante 45
9161d984: posts the ante 45
3c90f73: posts the ante 45
86f6b5f3: posts the ante 45
2560f0cf: posts the ante 45
Hero: posts the ante 45
22e59519: posts the ante 45
e4a04c7a: posts the ante 45
9161d984: posts small blind 150
2560f0cf: posts big blind 300
*** HOLE CARDS ***
Dealt to 2560f0cf 
Dealt to 86f6b5f3 
Dealt to e4a04c7a 
Dealt to 13bf823a 
Dealt to 3c90f73 
Dealt to 22e59519 
Dealt to Hero [3c 7s]
Dealt to 9161d984 
86f6b5f3: folds
e4a04c7a: folds
13bf823a: folds
3c90f73: folds
22e59519: raises 300 to 600
Hero: folds
9161d984: folds
2560f0cf: calls 300
*** FLOP *** [4d Ad Qd]
2560f0cf: bets 855
22e59519: folds
Uncalled bet (855) returned to 2560f0cf
*** SHOWDOWN ***
2560f0cf collected 1,710 from pot
*** SUMMARY ***
Total pot 1,710 | Rake 0 | Jackpot 0 | Bingo 0 | Fortune 0 | Tax 0
Board [4d Ad Qd]
Seat 1: 2560f0cf (big blind) won (1,710)
Seat 2: 86f6b5f3 folded before Flop
Seat 3: e4a04c7a folded before Flop
Seat 4: 13bf823a folded before Flop
Seat 5: 3c90f73 folded before Flop
Seat 6: 22e59519 folded on the Flop
Seat 7: Hero (button) folded before Flop
Seat 8: 9161d984 (small blind) folded before Flop


Poker Hand #TM3556012466: Tournament #157928299, Mystery Bounty $1.08 - Test [Stage 1] Hold'em No Limit - Level5(125/250) - 2024/08/06 16:53:53
Table '12' 8-max Seat #6 is the button
Seat 1: 2560f0cf (26,056 in chips)
Seat 2: 86f6b5f3 (4,248 in chips)
Seat 3: e4a04c7a (6,488 in chips)
Seat 5: 3c90f73 (11,973 in chips)
Seat 6: 22e59519 (7,378 in chips)
Seat 7: Hero (22,837 in chips)
Seat 8: 9161d984 (8,045 in chips)
9161d984: posts the ante 35
3c90f73: posts the ante 35
86f6b5f3: posts the ante 35
2560f0cf: posts the ante 35
Hero: posts the ante 35
22e59519: posts the ante 35
e4a04c7a: posts the ante 35
Hero: posts small blind 125
9161d984: posts big blind 250
*** HOLE CARDS ***
Dealt to 2560f0cf 
Dealt to 86f6b5f3 
Dealt to e4a04c7a 
Dealt to 3c90f73 
Dealt to 22e59519 
Dealt to Hero [Qh 8c]
Dealt to 9161d984 
2560f0cf: folds
86f6b5f3: folds
e4a04c7a: raises 250 to 500
3c90f73: folds
22e59519: folds
Hero: folds
9161d984: calls 250
*** FLOP *** [Ts 7h 2h]
9161d984: checks
e4a04c7a: bets 685
9161d984: calls 685
*** TURN *** [Ts 7h 2h] [As]
9161d984: checks
e4a04c7a: bets 1,370
9161d984: folds
Uncalled bet (1,370) returned to e4a04c7a
*** SHOWDOWN ***
e4a04c7a collected 2,740 from pot
*** SUMMARY ***
Total pot 2,740 | Rake 0 | Jackpot 0 | Bingo 0 | Fortune 0 | Tax 0
Board [Ts 7h 2h As]
Seat 1: 2560f0cf folded before Flop
Seat 2: 86f6b5f3 folded before Flop
Seat 3: e4a04c7a won (2,740)
Seat 5: 3c90f73 folded before Flop
Seat 6: 22e59519 (button) folded before Flop
Seat 7: Hero (small blind) folded before Flop
Seat 8: 9161d984 (big blind) folded on the Turn


Poker Hand #TM3556012350: Tournament #157928299, Mystery Bounty $1.08 - Test [Stage 1] Hold'em No Limit - Level5(125/250) - 2024/08/06 16:52:04
Table '12' 8-max Seat #5 is the button
Seat 1: 2560f0cf (15,960 in chips)
Seat 2: 86f6b5f3 (4,283 in chips)
Seat 3: e4a04c7a (6,523 in chips)
Seat 4: fd118062 (9,261 in chips)
Seat 5: 3c90f73 (12,008 in chips)
Seat 6: 22e59519 (7,538 in chips)
Seat 7: Hero (23,372 in chips)
Seat 8: 9161d984 (8,080 in chips)
fd118062: posts the ante 35
9161d984: posts the ante 35
3c90f73: posts the ante 35
86f6b5f3: posts the ante 35
2560f0cf: posts the ante 35
Hero: posts the ante 35
e4a04c7a: posts the ante 35
22e59519: posts the ante 35
22e59519: posts small blind 125
Hero: posts big blind 250
*** HOLE CARDS ***
Dealt to 2560f0cf 
Dealt to 86f6b5f3 
Dealt to e4a04c7a 
Dealt to fd118062 
Dealt to 3c90f73 
Dealt to 22e59519 
Dealt to Hero [2h Th]
Dealt to 9161d984 
9161d984: folds
2560f0cf: raises 250 to 500
86f6b5f3: folds
e4a04c7a: folds
fd118062: calls 500
3c90f73: folds
22e59519: folds
Hero: calls 250
*** FLOP *** [Qd Kh 9c]
Hero: checks
2560f0cf: bets 629
fd118062: calls 629
Hero: folds
*** TURN *** [Qd Kh 9c] [3h]
2560f0cf: bets 2,373
fd118062: calls 2,373
*** RIVER *** [Qd Kh 9c 3h] [Kc]
2560f0cf: bets 7,909
fd118062: calls 5,724 and is all-in
Uncalled bet (2,185) returned to 2560f0cf
2560f0cf: shows [Js Ts] (Kings-High Straight)
fd118062: shows [Qc Tc] (Pair of Kings and Pair of Queens)
*** SHOWDOWN ***
2560f0cf collected 19,357 from pot
*** SUMMARY ***
Total pot 19,357 | Rake 0 | Jackpot 0 | Bingo 0 | Fortune 0 | Tax 0
Board [Qd Kh 9c 3h Kc]
Seat 1: 2560f0cf showed [Js Ts] and won (19,357) with Kings-High Straight
Seat 2: 86f6b5f3 folded before Flop
Seat 3: e4a04c7a folded before Flop
Seat 4: fd118062 showed [Qc Tc] and lost with Pair of Kings and Pair of Queens
Seat 5: 3c90f73 (button) folded before Flop
Seat 6: 22e59519 (small blind) folded before Flop
Seat 7: Hero (big blind) folded on the Flop
Seat 8: 9161d984 folded before Flop


Poker Hand #TM3556012289: Tournament #157928299, Mystery Bounty $1.08 - Test [Stage 1] Hold'em No Limit - Level5(125/250) - 2024/08/06 16:51:10
Table '12' 8-max Seat #4 is the button
Seat 1: 2560f0cf (15,995 in chips)
Seat 2: 86f6b5f3 (4,318 in chips)
Seat 3: e4a04c7a (6,558 in chips)
Seat 4: fd118062 (9,296 in chips)
Seat 5: 3c90f73 (10,508 in chips)
Seat 6: 22e59519 (7,823 in chips)
Seat 7: Hero (24,412 in chips)
Seat 8: 9161d984 (8,115 in chips)
fd118062: posts the ante 35
9161d984: posts the ante 35
3c90f73: posts the ante 35
86f6b5f3: posts the ante 35
2560f0cf: posts the ante 35
Hero: posts the ante 35
e4a04c7a: posts the ante 35
22e59519: posts the ante 35
3c90f73: posts small blind 125
22e59519: posts big blind 250
*** HOLE CARDS ***
Dealt to 2560f0cf 
Dealt to 86f6b5f3 
Dealt to e4a04c7a 
Dealt to fd118062 
Dealt to 3c90f73 
Dealt to 22e59519 
Dealt to Hero [Th Qh]
Dealt to 9161d984 
Hero: raises 250 to 500
9161d984: folds
2560f0cf: folds
86f6b5f3: folds
e4a04c7a: folds
fd118062: folds
3c90f73: calls 375
22e59519: folds
*** FLOP *** [8c Jc As]
3c90f73: bets 505
Hero: calls 505
*** TURN *** [8c Jc As] [2h]
3c90f73: bets 1,270
Hero: folds
Uncalled bet (1,270) returned to 3c90f73
*** SHOWDOWN ***
3c90f73 collected 2,540 from pot
*** SUMMARY ***
Total pot 2,540 | Rake 0 | Jackpot 0 | Bingo 0 | Fortune 0 | Tax 0
Board [8c Jc As 2h]
Seat 1: 2560f0cf folded before Flop
Seat 2: 86f6b5f3 folded before Flop
Seat 3: e4a04c7a folded before Flop
Seat 4: fd118062 (button) folded before Flop
Seat 5: 3c90f73 (small blind) won (2,540)
Seat 6: 22e59519 (big blind) folded before Flop
Seat 7: Hero folded on the Turn
Seat 8: 9161d984 folded before Flop


Poker Hand #TM3556012201: Tournament #157928299, Mystery Bounty $1.08 - Test [Stage 1] Hold'em No Limit - Level4(100/200) - 2024/08/06 16:49:40
Table '12' 8-max Seat #3 is the button
Seat 1: 2560f0cf (16,025 in chips)
Seat 2: 86f6b5f3 (4,348 in chips)
Seat 3: e4a04c7a (9,440 in chips)
Seat 4: fd118062 (9,426 in chips)
Seat 5: 3c90f73 (10,738 in chips)
Seat 6: 22e59519 (7,853 in chips)
Seat 7: Hero (21,050 in chips)
Seat 8: 9161d984 (8,145 in chips)
fd118062: posts the ante 30
9161d984: posts the ante 30
3c90f73: posts the ante 30
86f6b5f3: posts the ante 30
2560f0cf: posts the ante 30
Hero: posts the ante 30
e4a04c7a: posts the ante 30
22e59519: posts the ante 30
fd118062: posts small blind 100
3c90f73: posts big blind 200
*** HOLE CARDS ***
Dealt to 2560f0cf 
Dealt to 86f6b5f3 
Dealt to e4a04c7a 
Dealt to fd118062 
Dealt to 3c90f73 
Dealt to 22e59519 
Dealt to Hero [Ac Kc]
Dealt to 9161d984 
22e59519: folds
Hero: calls 200
9161d984: folds
2560f0cf: folds
86f6b5f3: folds
e4a04c7a: calls 200
fd118062: folds
3c90f73: checks
*** FLOP *** [Ad 5d 9d]
3c90f73: checks
Hero: bets 470
e4a04c7a: calls 470
3c90f73: folds
*** TURN *** [Ad 5d 9d] [5h]
Hero: checks
e4a04c7a: bets 621
Hero: calls 621
*** RIVER *** [Ad 5d 9d 5h] [3c]
Hero: checks
e4a04c7a: bets 1,561
Hero: calls 1,561
e4a04c7a: shows [8c 9s] (Pair of Nines and Pair of Fives)
Hero: shows [Ac Kc] (Pair of Aces and Pair of Fives)
*** SHOWDOWN ***
Hero collected 6,244 from pot
*** SUMMARY ***
Total pot 6,244 | Rake 0 | Jackpot 0 | Bingo 0 | Fortune 0 | Tax 0
Board [Ad 5d 9d 5h 3c]
Seat 1: 2560f0cf folded before Flop
Seat 2: 86f6b5f3 folded before Flop
Seat 3: e4a04c7a (button) showed [8c 9s] and lost with Pair of Nines and Pair of Fives
Seat 4: fd118062 (small blind) folded before Flop
Seat 5: 3c90f73 (big blind) folded on the Flop
Seat 6: 22e59519 folded before Flop
Seat 7: Hero showed [Ac Kc] and won (6,244) with Pair of Aces and Pair of Fives
Seat 8: 9161d984 folded before Flop


Poker Hand #TM3556012143: Tournament #157928299, Mystery Bounty $1.08 - Test [Stage 1] Hold'em No Limit - Level4(100/200) - 2024/08/06 16:48:55
Table '12' 8-max Seat #2 is the button
Seat 1: 2560f0cf (15,115 in chips)
Seat 2: 86f6b5f3 (4,378 in chips)
Seat 3: e4a04c7a (9,570 in chips)
Seat 4: fd118062 (9,656 in chips)
Seat 5: 3c90f73 (10,768 in chips)
Seat 6: 22e59519 (8,283 in chips)
Seat 7: Hero (21,080 in chips)
Seat 8: 9161d984 (8,175 in chips)
fd118062: posts the ante 30
9161d984: posts the ante 30
3c90f73: posts the ante 30
86f6b5f3: posts the ante 30
2560f0cf: posts the ante 30
Hero: posts the ante 30
22e59519: posts the ante 30
e4a04c7a: posts the ante 30
e4a04c7a: posts small blind 100
fd118062: posts big blind 200
*** HOLE CARDS ***
Dealt to 2560f0cf 
Dealt to 86f6b5f3 
Dealt to e4a04c7a 
Dealt to fd118062 
Dealt to 3c90f73 
Dealt to 22e59519 
Dealt to Hero [9c 7s]
Dealt to 9161d984 
3c90f73: folds
22e59519: raises 200 to 400
Hero: folds
9161d984: folds
2560f0cf: raises 670 to 1,070
86f6b5f3: folds
e4a04c7a: folds
fd118062: folds
22e59519: folds
Uncalled bet (670) returned to 2560f0cf
*** SHOWDOWN ***
2560f0cf collected 1,340 from pot
*** SUMMARY ***
Total pot 1,340 | Rake 0 | Jackpot 0 | Bingo 0 | Fortune 0 | Tax 0
Seat 1: 2560f0cf collected (1,340)
Seat 2: 86f6b5f3 (button) folded before Flop
Seat 3: e4a04c7a (small blind) folded before Flop
Seat 4: fd118062 (big blind) folded before Flop
Seat 5: 3c90f73 folded before Flop
Seat 6: 22e59519 folded before Flop
Seat 7: Hero folded before Flop
Seat 8: 9161d984 folded before Flop


Poker Hand #TM3556012093: Tournament #157928299, Mystery Bounty $1.08 - Test [Stage 1] Hold'em No Limit - Level4(100/200) - 2024/08/06 16:48:07
Table '12' 8-max Seat #1 is the button
Seat 1: 2560f0cf (15,145 in chips)
Seat 2: 86f6b5f3 (4,508 in chips)
Seat 3: e4a04c7a (10,000 in chips)
Seat 4: fd118062 (9,686 in chips)
Seat 5: 3c90f73 (10,058 in chips)
Seat 6: 22e59519 (8,313 in chips)
Seat 7: Hero (21,110 in chips)
Seat 8: 9161d984 (8,205 in chips)
fd118062: posts the ante 30
9161d984: posts the ante 30
3c90f73: posts the ante 30
86f6b5f3: posts the ante 30
2560f0cf: posts the ante 30
Hero: posts the ante 30
22e59519: posts the ante 30
e4a04c7a: posts the ante 30
86f6b5f3: posts small blind 100
e4a04c7a: posts big blind 200
*** HOLE CARDS ***
Dealt to 2560f0cf 
Dealt to 86f6b5f3 
Dealt to e4a04c7a 
Dealt to fd118062 
Dealt to 3c90f73 
Dealt to 22e59519 
Dealt to Hero [6d 2s]
Dealt to 9161d984 
fd118062: folds
3c90f73: raises 200 to 400
22e59519: folds
Hero: folds
9161d984: folds
2560f0cf: folds
86f6b5f3: folds
e4a04c7a: calls 200
*** FLOP *** [Tc Qh Ad]
e4a04c7a: checks
3c90f73: bets 570
e4a04c7a: folds
Uncalled bet (570) returned to 3c90f73
*** SHOWDOWN ***
3c90f73 collected 1,140 from pot
*** SUMMARY ***
Total pot 1,140 | Rake 0 | Jackpot 0 | Bingo 0 | Fortune 0 | Tax 0
Board [Tc Qh Ad]
Seat 1: 2560f0cf (button) folded before Flop
Seat 2: 86f6b5f3 (small blind) folded before Flop
Seat 3: e4a04c7a (big blind) folded on the Flop
Seat 4: fd118062 folded before Flop
Seat 5: 3c90f73 won (1,140)
Seat 6: 22e59519 folded before Flop
Seat 7: Hero folded before Flop
Seat 8: 9161d984 folded before Flop


Poker Hand #TM3556012040: Tournament #157928299, Mystery Bounty $1.08 - Test [Stage 1] Hold'em No Limit - Level4(100/200) - 2024/08/06 16:47:20
Table '12' 8-max Seat #8 is the button
Seat 1: 2560f0cf (15,275 in chips)
Seat 2: 86f6b5f3 (4,738 in chips)
Seat 3: 3c0c6ccf (8,104 in chips)
Seat 4: fd118062 (9,716 in chips)
Seat 5: 3c90f73 (10,088 in chips)
Seat 6: 22e59519 (8,343 in chips)
Seat 7: Hero (21,540 in chips)
Seat 8: 9161d984 (7,295 in chips)
fd118062: posts the ante 30
9161d984: posts the ante 30
3c90f73: posts the ante 30
86f6b5f3: posts the ante 30
2560f0cf: posts the ante 30
3c0c6ccf: posts the ante 30
Hero: posts the ante 30
22e59519: posts the ante 30
2560f0cf: posts small blind 100
86f6b5f3: posts big blind 200
*** HOLE CARDS ***
Dealt to 2560f0cf 
Dealt to 86f6b5f3 
Dealt to 3c0c6ccf 
Dealt to fd118062 
Dealt to 3c90f73 
Dealt to 22e59519 
Dealt to Hero [9h 8s]
Dealt to 9161d984 
3c0c6ccf: folds
fd118062: folds
3c90f73: folds
22e59519: folds
Hero: raises 200 to 400
9161d984: raises 2,010 to 2,410
2560f0cf: folds
86f6b5f3: folds
Hero: folds
Uncalled bet (2,010) returned to 9161d984
*** SHOWDOWN ***
9161d984 collected 1,340 from pot
*** SUMMARY ***
Total pot 1,340 | Rake 0 | Jackpot 0 | Bingo 0 | Fortune 0 | Tax 0
Seat 1: 2560f0cf (small blind) folded before Flop
Seat 2: 86f6b5f3 (big blind) folded before Flop
Seat 3: 3c0c6ccf folded before Flop
Seat 4: fd118062 folded before Flop
Seat 5: 3c90f73 folded before Flop
Seat 6: 22e59519 folded before Flop
Seat 7: Hero folded before Flop
Seat 8: 9161d984 (button) collected (1,340)


Poker Hand #TM3556011988: Tournament #157928299, Mystery Bounty $1.08 - Test [Stage 1] Hold'em No Limit - Level4(100/200) - 2024/08/06 16:46:36
Table '12' 8-max Seat #7 is the button
Seat 1: 2560f0cf (15,505 in chips)
Seat 2: 86f6b5f3 (4,768 in chips)
Seat 3: 3c0c6ccf (8,134 in chips)
Seat 4: fd118062 (9,946 in chips)
Seat 5: 3c90f73 (10,118 in chips)
Seat 6: 22e59519 (8,373 in chips)
Seat 7: Hero (21,570 in chips)
Seat 8: 9161d984 (6,685 in chips)
fd118062: posts the ante 30
9161d984: posts the ante 30
3c90f73: posts the ante 30
86f6b5f3: posts the ante 30
2560f0cf: posts the ante 30
3c0c6ccf: posts the ante 30
Hero: posts the ante 30
22e59519: posts the ante 30
9161d984: posts small blind 100
2560f0cf: posts big blind 200
*** HOLE CARDS ***
Dealt to 2560f0cf 
Dealt to 86f6b5f3 
Dealt to 3c0c6ccf 
Dealt to fd118062 
Dealt to 3c90f73 
Dealt to 22e59519 
Dealt to Hero [Qh 2h]
Dealt to 9161d984 
86f6b5f3: folds
3c0c6ccf: folds
fd118062: calls 200
3c90f73: folds
22e59519: folds
Hero: folds
9161d984: raises 6,455 to 6,655 and is all-in
2560f0cf: folds
fd118062: folds
Uncalled bet (6,455) returned to 9161d984
*** SHOWDOWN ***
9161d984 collected 840 from pot
*** SUMMARY ***
Total pot 840 | Rake 0 | Jackpot 0 | Bingo 0 | Fortune 0 | Tax 0
Seat 1: 2560f0cf (big blind) folded before Flop
Seat 2: 86f6b5f3 folded before Flop
Seat 3: 3c0c6ccf folded before Flop
Seat 4: fd118062 folded before Flop
Seat 5: 3c90f73 folded before Flop
Seat 6: 22e59519 folded before Flop
Seat 7: Hero (button) folded before Flop
Seat 8: 9161d984 (small blind) collected (840)


Poker Hand #TM3556011916: Tournament #157928299, Mystery Bounty $1.08 - Test [Stage 1] Hold'em No Limit - Level4(100/200) - 2024/08/06 16:45:29
Table '12' 8-max Seat #6 is the button
Seat 1: 2560f0cf (15,535 in chips)
Seat 2: 86f6b5f3 (4,798 in chips)
Seat 3: 3c0c6ccf (8,564 in chips)
Seat 4: fd118062 (9,976 in chips)
Seat 5: 3c90f73 (8,299 in chips)
Seat 6: 22e59519 (8,403 in chips)
Seat 7: Hero (21,700 in chips)
Seat 8: 9161d984 (7,824 in chips)
fd118062: posts the ante 30
9161d984: posts the ante 30
3c90f73: posts the ante 30
86f6b5f3: posts the ante 30
2560f0cf: posts the ante 30
3c0c6ccf: posts the ante 30
Hero: posts the ante 30
22e59519: posts the ante 30
Hero: posts small blind 100
9161d984: posts big blind 200
*** HOLE CARDS ***
Dealt to 2560f0cf 
Dealt to 86f6b5f3 
Dealt to 3c0c6ccf 
Dealt to fd118062 
Dealt to 3c90f73 
Dealt to 22e59519 
Dealt to Hero [2c Kd]
Dealt to 9161d984 
2560f0cf: folds
86f6b5f3: folds
3c0c6ccf: raises 200 to 400
fd118062: folds
3c90f73: calls 400
22e59519: folds
Hero: folds
9161d984: calls 200
*** FLOP *** [9h Jh 5s]
9161d984: checks
3c0c6ccf: checks
3c90f73: checks
*** TURN *** [9h Jh 5s] [3d]
9161d984: checks
3c0c6ccf: checks
3c90f73: bets 709
9161d984: calls 709
3c0c6ccf: folds
*** RIVER *** [9h Jh 5s 3d] [Tc]
9161d984: checks
3c90f73: checks
9161d984: shows [9s 7d] (Pair of Nines)
3c90f73: shows [9c 8c] (Pair of Nines)
*** SHOWDOWN ***
3c90f73 collected 2,958 from pot
*** SUMMARY ***
Total pot 2,958 | Rake 0 | Jackpot 0 | Bingo 0 | Fortune 0 | Tax 0
Board [9h Jh 5s 3d Tc]
Seat 1: 2560f0cf folded before Flop
Seat 2: 86f6b5f3 folded before Flop
Seat 3: 3c0c6ccf folded on the Turn
Seat 4: fd118062 folded before Flop
Seat 5: 3c90f73 showed [9c 8c] and won (2,958) with Pair of Nines
Seat 6: 22e59519 (button) folded before Flop
Seat 7: Hero (small blind) folded before Flop
Seat 8: 9161d984 (big blind) showed [9s 7d] and lost with Pair of Nines


Poker Hand #TM3556011798: Tournament #157928299, Mystery Bounty $1.08 - Test [Stage 1] Hold'em No Limit - Level3(80/160) - 2024/08/06 16:43:56
Table '12' 8-max Seat #5 is the button
Seat 1: 2560f0cf (11,881 in chips)
Seat 2: 86f6b5f3 (4,822 in chips)
Seat 3: 3c0c6ccf (11,514 in chips)
Seat 4: fd118062 (10,000 in chips)
Seat 5: 3c90f73 (8,643 in chips)
Seat 6: 22e59519 (8,507 in chips)
Seat 7: Hero (21,884 in chips)
Seat 8: 9161d984 (7,848 in chips)
fd118062: posts the ante 24
9161d984: posts the ante 24
3c90f73: posts the ante 24
86f6b5f3: posts the ante 24
2560f0cf: posts the ante 24
3c0c6ccf: posts the ante 24
Hero: posts the ante 24
22e59519: posts the ante 24
22e59519: posts small blind 80
Hero: posts big blind 160
*** HOLE CARDS ***
Dealt to 2560f0cf 
Dealt to 86f6b5f3 
Dealt to 3c0c6ccf 
Dealt to fd118062 
Dealt to 3c90f73 
Dealt to 22e59519 
Dealt to Hero [4s Jc]
Dealt to 9161d984 
9161d984: folds
2560f0cf: raises 160 to 320
86f6b5f3: folds
3c0c6ccf: calls 320
fd118062: folds
3c90f73: calls 320
22e59519: folds
Hero: folds
*** FLOP *** [Td Kc 9c]
2560f0cf: bets 460
3c0c6ccf: raises 833 to 1,293
3c90f73: folds
2560f0cf: calls 833
*** TURN *** [Td Kc 9c] [6c]
2560f0cf: bets 1,313
3c0c6ccf: calls 1,313
*** RIVER *** [Td Kc 9c 6c] [Ac]
2560f0cf: bets 8,931 and is all-in
3c0c6ccf: folds
Uncalled bet (8,931) returned to 2560f0cf
*** SHOWDOWN ***
2560f0cf collected 6,604 from pot
*** SUMMARY ***
Total pot 6,604 | Rake 0 | Jackpot 0 | Bingo 0 | Fortune 0 | Tax 0
Board [Td Kc 9c 6c Ac]
Seat 1: 2560f0cf won (6,604)
Seat 2: 86f6b5f3 folded before Flop
Seat 3: 3c0c6ccf folded on the River
Seat 4: fd118062 folded before Flop
Seat 5: 3c90f73 (button) folded on the Flop
Seat 6: 22e59519 (small blind) folded before Flop
Seat 7: Hero (big blind) folded before Flop
Seat 8: 9161d984 folded before Flop


Poker Hand #TM3556011731: Tournament #157928299, Mystery Bounty $1.08 - Test [Stage 1] Hold'em No Limit - Level3(80/160) - 2024/08/06 16:43:00
Table '12' 8-max Seat #3 is the button
Seat 1: 2560f0cf (11,905 in chips)
Seat 2: 86f6b5f3 (4,846 in chips)
Seat 3: 3c0c6ccf (11,538 in chips)
Seat 5: 3c90f73 (9,360 in chips)
Seat 6: 22e59519 (9,224 in chips)
Seat 7: Hero (20,354 in chips)
Seat 8: 9161d984 (7,872 in chips)
9161d984: posts the ante 24
3c90f73: posts the ante 24
86f6b5f3: posts the ante 24
2560f0cf: posts the ante 24
3c0c6ccf: posts the ante 24
Hero: posts the ante 24
22e59519: posts the ante 24
3c90f73: posts small blind 80
22e59519: posts big blind 160
*** HOLE CARDS ***
Dealt to 2560f0cf 
Dealt to 86f6b5f3 
Dealt to 3c0c6ccf 
Dealt to 3c90f73 
Dealt to 22e59519 
Dealt to Hero [9c Kc]
Dealt to 9161d984 
Hero: raises 160 to 320
9161d984: folds
2560f0cf: folds
86f6b5f3: folds
3c0c6ccf: folds
3c90f73: calls 240
22e59519: calls 160
*** FLOP *** [Tc 9h 8c]
3c90f73: bets 373
22e59519: calls 373
Hero: calls 373
*** TURN *** [Tc 9h 8c] [2s]
3c90f73: checks
22e59519: checks
Hero: bets 742
3c90f73: folds
22e59519: folds
Uncalled bet (742) returned to Hero
*** SHOWDOWN ***
Hero collected 2,247 from pot
*** SUMMARY ***
Total pot 2,247 | Rake 0 | Jackpot 0 | Bingo 0 | Fortune 0 | Tax 0
Board [Tc 9h 8c 2s]
Seat 1: 2560f0cf folded before Flop
Seat 2: 86f6b5f3 folded before Flop
Seat 3: 3c0c6ccf (button) folded before Flop
Seat 5: 3c90f73 (small blind) folded on the Turn
Seat 6: 22e59519 (big blind) folded on the Turn
Seat 7: Hero won (2,247)
Seat 8: 9161d984 folded before Flop


Poker Hand #TM3556011622: Tournament #157928299, Mystery Bounty $1.08 - Test [Stage 1] Hold'em No Limit - Level3(80/160) - 2024/08/06 16:41:30
Table '12' 8-max Seat #2 is the button
Seat 1: 2560f0cf (11,929 in chips)
Seat 2: 86f6b5f3 (4,870 in chips)
Seat 3: 3c0c6ccf (11,642 in chips)
Seat 5: 3c90f73 (10,180 in chips)
Seat 6: 22e59519 (9,248 in chips)
Seat 7: Hero (20,378 in chips)
Seat 8: 9161d984 (6,852 in chips)
9161d984: posts the ante 24
3c90f73: posts the ante 24
86f6b5f3: posts the ante 24
2560f0cf: posts the ante 24
3c0c6ccf: posts the ante 24
Hero: posts the ante 24
22e59519: posts the ante 24
3c0c6ccf: posts small blind 80
3c90f73: posts big blind 160
*** HOLE CARDS ***
Dealt to 2560f0cf 
Dealt to 86f6b5f3 
Dealt to 3c0c6ccf 
Dealt to 3c90f73 
Dealt to 22e59519 
Dealt to Hero [6h 3c]
Dealt to 9161d984 
22e59519: folds
Hero: folds
9161d984: raises 176 to 336
2560f0cf: folds
86f6b5f3: folds
3c0c6ccf: folds
3c90f73: calls 176
*** FLOP *** [4h 9h 8d]
3c90f73: checks
9161d984: bets 460
3c90f73: calls 460
*** TURN *** [4h 9h 8d] [2h]
3c90f73: checks
9161d984: bets 1,088
3c90f73: folds
Uncalled bet (1,088) returned to 9161d984
*** SHOWDOWN ***
9161d984 collected 1,840 from pot
*** SUMMARY ***
Total pot 1,840 | Rake 0 | Jackpot 0 | Bingo 0 | Fortune 0 | Tax 0
Board [4h 9h 8d 2h]
Seat 1: 2560f0cf folded before Flop
Seat 2: 86f6b5f3 (button) folded before Flop
Seat 3: 3c0c6ccf (small blind) folded before Flop
Seat 5: 3c90f73 (big blind) folded on the Turn
Seat 6: 22e59519 folded before Flop
Seat 7: Hero folded before Flop
Seat 8: 9161d984 won (1,840)


Poker Hand #TM3556011556: Tournament #157928299, Mystery Bounty $1.08 - Test [Stage 1] Hold'em No Limit - Level3(80/160) - 2024/08/06 16:40:37
Table '12' 8-max Seat #1 is the button
Seat 1: 2560f0cf (9,497 in chips)
Seat 2: 86f6b5f3 (4,974 in chips)
Seat 3: 3c0c6ccf (11,826 in chips)
Seat 4: da80daf5 (15,370 in chips)
Seat 5: 3c90f73 (11,828 in chips)
Seat 6: 22e59519 (9,272 in chips)
Seat 7: Hero (20,402 in chips)
Seat 8: 9161d984 (6,876 in chips)
da80daf5: posts the ante 24
9161d984: posts the ante 24
3c90f73: posts the ante 24
86f6b5f3: posts the ante 24
2560f0cf: posts the ante 24
3c0c6ccf: posts the ante 24
Hero: posts the ante 24
22e59519: posts the ante 24
86f6b5f3: posts small blind 80
3c0c6ccf: posts big blind 160
*** HOLE CARDS ***
Dealt to 2560f0cf 
Dealt to 86f6b5f3 
Dealt to 3c0c6ccf 
Dealt to da80daf5 
Dealt to 3c90f73 
Dealt to 22e59519 
Dealt to Hero [Jd 8c]
Dealt to 9161d984 
da80daf5: raises 240 to 400
3c90f73: calls 400
22e59519: folds
Hero: folds
9161d984: folds
2560f0cf: raises 1,224 to 1,624
86f6b5f3: folds
3c0c6ccf: folds
da80daf5: folds
3c90f73: calls 1,224
*** FLOP *** [Kc Tc Ks]
3c90f73: checks
2560f0cf: bets 1,347
3c90f73: folds
Uncalled bet (1,347) returned to 2560f0cf
*** SHOWDOWN ***
2560f0cf collected 4,080 from pot
*** SUMMARY ***
Total pot 4,080 | Rake 0 | Jackpot 0 | Bingo 0 | Fortune 0 | Tax 0
Board [Kc Tc Ks]
Seat 1: 2560f0cf (button) won (4,080)
Seat 2: 86f6b5f3 (small blind) folded before Flop
Seat 3: 3c0c6ccf (big blind) folded before Flop
Seat 4: da80daf5 folded before Flop
Seat 5: 3c90f73 folded on the Flop
Seat 6: 22e59519 folded before Flop
Seat 7: Hero folded before Flop
Seat 8: 9161d984 folded before Flop


Poker Hand #TM3556011463: Tournament #157928299, Mystery Bounty $1.08 - Test [Stage 1] Hold'em No Limit - Level2(60/120) - 2024/08/06 16:39:16
Table '12' 8-max Seat #8 is the button
Seat 1: 2560f0cf (9,575 in chips)
Seat 2: 86f6b5f3 (5,112 in chips)
Seat 3: 3c0c6ccf (11,844 in chips)
Seat 4: da80daf5 (11,892 in chips)
Seat 5: 3c90f73 (11,846 in chips)
Seat 6: 22e59519 (9,290 in chips)
Seat 7: Hero (20,720 in chips)
Seat 8: 9161d984 (9,766 in chips)
da80daf5: posts the ante 18
9161d984: posts the ante 18
3c90f73: posts the ante 18
86f6b5f3: posts the ante 18
2560f0cf: posts the ante 18
3c0c6ccf: posts the ante 18
Hero: posts the ante 18
22e59519: posts the ante 18
2560f0cf: posts small blind 60
86f6b5f3: posts big blind 120
*** HOLE CARDS ***
Dealt to 2560f0cf 
Dealt to 86f6b5f3 
Dealt to 3c0c6ccf 
Dealt to da80daf5 
Dealt to 3c90f73 
Dealt to 22e59519 
Dealt to Hero [5c 5s]
Dealt to 9161d984 
3c0c6ccf: folds
da80daf5: raises 180 to 300
3c90f73: folds
22e59519: folds
Hero: calls 300
9161d984: raises 980 to 1,280
2560f0cf: folds
86f6b5f3: folds
da80daf5: calls 980
Hero: folds
*** FLOP *** [2s 4d Qc]
da80daf5: bets 1,592
9161d984: calls 1,592
*** TURN *** [2s 4d Qc] [2c]
da80daf5: checks
9161d984: checks
*** RIVER *** [2s 4d Qc 2c] [6h]
da80daf5: bets 3,600
9161d984: folds
Uncalled bet (3,600) returned to da80daf5
*** SHOWDOWN ***
da80daf5 collected 6,368 from pot
*** SUMMARY ***
Total pot 6,368 | Rake 0 | Jackpot 0 | Bingo 0 | Fortune 0 | Tax 0
Board [2s 4d Qc 2c 6h]
Seat 1: 2560f0cf (small blind) folded before Flop
Seat 2: 86f6b5f3 (big blind) folded before Flop
Seat 3: 3c0c6ccf folded before Flop
Seat 4: da80daf5 won (6,368)
Seat 5: 3c90f73 folded before Flop
Seat 6: 22e59519 folded before Flop
Seat 7: Hero folded before Flop
Seat 8: 9161d984 (button) folded on the River


Poker Hand #TM3556011409: Tournament #157928299, Mystery Bounty $1.08 - Test [Stage 1] Hold'em No Limit - Level2(60/120) - 2024/08/06 16:38:34
Table '12' 8-max Seat #7 is the button
Seat 1: 2560f0cf (9,713 in chips)
Seat 2: 86f6b5f3 (5,130 in chips)
Seat 3: 3c0c6ccf (12,744 in chips)
Seat 4: da80daf5 (12,792 in chips)
Seat 5: 3c90f73 (9,776 in chips)
Seat 6: 22e59519 (9,308 in chips)
Seat 7: Hero (20,738 in chips)
Seat 8: 9161d984 (9,844 in chips)
da80daf5: posts the ante 18
9161d984: posts the ante 18
3c90f73: posts the ante 18
86f6b5f3: posts the ante 18
2560f0cf: posts the ante 18
3c0c6ccf: posts the ante 18
Hero: posts the ante 18
22e59519: posts the ante 18
9161d984: posts small blind 60
2560f0cf: posts big blind 120
*** HOLE CARDS ***
Dealt to 2560f0cf 
Dealt to 86f6b5f3 
Dealt to 3c0c6ccf 
Dealt to da80daf5 
Dealt to 3c90f73 
Dealt to 22e59519 
Dealt to Hero [8d 4c]
Dealt to 9161d984 
86f6b5f3: folds
3c0c6ccf: raises 120 to 240
da80daf5: calls 240
3c90f73: raises 642 to 882
22e59519: folds
Hero: folds
9161d984: folds
2560f0cf: folds
3c0c6ccf: calls 642
da80daf5: calls 642
*** FLOP *** [8c 5h 5c]
3c0c6ccf: checks
da80daf5: checks
3c90f73: bets 1,101
3c0c6ccf: folds
da80daf5: folds
Uncalled bet (1,101) returned to 3c90f73
*** SHOWDOWN ***
3c90f73 collected 2,970 from pot
*** SUMMARY ***
Total pot 2,970 | Rake 0 | Jackpot 0 | Bingo 0 | Fortune 0 | Tax 0
Board [8c 5h 5c]
Seat 1: 2560f0cf (big blind) folded before Flop
Seat 2: 86f6b5f3 folded before Flop
Seat 3: 3c0c6ccf folded on the Flop
Seat 4: da80daf5 folded on the Flop
Seat 5: 3c90f73 won (2,970)
Seat 6: 22e59519 folded before Flop
Seat 7: Hero (button) folded before Flop
Seat 8: 9161d984 (small blind) folded before Flop


Poker Hand #TM3556011367: Tournament #157928299, Mystery Bounty $1.08 - Test [Stage 1] Hold'em No Limit - Level2(60/120) - 2024/08/06 16:37:59
Table '12' 8-max Seat #6 is the button
Seat 1: 2560f0cf (9,731 in chips)
Seat 2: 86f6b5f3 (4,824 in chips)
Seat 3: 3c0c6ccf (12,762 in chips)
Seat 4: da80daf5 (12,810 in chips)
Seat 5: 3c90f73 (9,794 in chips)
Seat 6: 22e59519 (9,326 in chips)
Seat 7: Hero (20,816 in chips)
Seat 8: 9161d984 (9,982 in chips)
da80daf5: posts the ante 18
9161d984: posts the ante 18
3c90f73: posts the ante 18
86f6b5f3: posts the ante 18
2560f0cf: posts the ante 18
3c0c6ccf: posts the ante 18
Hero: posts the ante 18
22e59519: posts the ante 18
Hero: posts small blind 60
9161d984: posts big blind 120
*** HOLE CARDS ***
Dealt to 2560f0cf 
Dealt to 86f6b5f3 
Dealt to 3c0c6ccf 
Dealt to da80daf5 
Dealt to 3c90f73 
Dealt to 22e59519 
Dealt to Hero [As 3d]
Dealt to 9161d984 
2560f0cf: folds
86f6b5f3: raises 120 to 240
3c0c6ccf: folds
da80daf5: folds
3c90f73: folds
22e59519: folds
Hero: folds
9161d984: folds
Uncalled bet (120) returned to 86f6b5f3
*** SHOWDOWN ***
86f6b5f3 collected 444 from pot
*** SUMMARY ***
Total pot 444 | Rake 0 | Jackpot 0 | Bingo 0 | Fortune 0 | Tax 0
Seat 1: 2560f0cf folded before Flop
Seat 2: 86f6b5f3 collected (444)
Seat 3: 3c0c6ccf folded before Flop
Seat 4: da80daf5 folded before Flop
Seat 5: 3c90f73 folded before Flop
Seat 6: 22e59519 (button) folded before Flop
Seat 7: Hero (small blind) folded before Flop
Seat 8: 9161d984 (big blind) folded before Flop


Poker Hand #TM3556011290: Tournament #157928299, Mystery Bounty $1.08 - Test [Stage 1] Hold'em No Limit - Level2(60/120) - 2024/08/06 16:36:56
Table '12' 8-max Seat #5 is the button
Seat 1: 2560f0cf (9,749 in chips)
Seat 2: 86f6b5f3 (14,548 in chips)
Seat 3: 3c0c6ccf (12,780 in chips)
Seat 4: da80daf5 (13,728 in chips)
Seat 5: 3c90f73 (10,112 in chips)
Seat 6: 22e59519 (9,404 in chips)
Seat 7: Hero (9,724 in chips)
Seat 8: 9161d984 (10,000 in chips)
da80daf5: posts the ante 18
9161d984: posts the ante 18
3c90f73: posts the ante 18
86f6b5f3: posts the ante 18
2560f0cf: posts the ante 18
3c0c6ccf: posts the ante 18
Hero: posts the ante 18
22e59519: posts the ante 18
22e59519: posts small blind 60
Hero: posts big blind 120
*** HOLE CARDS ***
Dealt to 2560f0cf 
Dealt to 86f6b5f3 
Dealt to 3c0c6ccf 
Dealt to da80daf5 
Dealt to 3c90f73 
Dealt to 22e59519 
Dealt to Hero [6d 6h]
Dealt to 9161d984 
9161d984: folds
2560f0cf: folds
86f6b5f3: raises 180 to 300
3c0c6ccf: folds
da80daf5: calls 300
3c90f73: calls 300
22e59519: folds
Hero: calls 180
*** FLOP *** [6c Ts 9h]
Hero: checks
86f6b5f3: bets 600
da80daf5: calls 600
3c90f73: folds
Hero: raises 8,806 to 9,406 and is all-in
86f6b5f3: raises 4,824 to 14,230 and is all-in
da80daf5: folds
Uncalled bet (4,824) returned to 86f6b5f3
86f6b5f3: shows [Ah Ad] (Pair of Aces)
Hero: shows [6d 6h] (Three Sixes)
*** TURN *** [6c Ts 9h] [4d]
*** RIVER *** [6c Ts 9h 4d] [Qd]
*** SHOWDOWN ***
Hero collected 20,816 from pot
*** SUMMARY ***
Total pot 20,816 | Rake 0 | Jackpot 0 | Bingo 0 | Fortune 0 | Tax 0
Board [6c Ts 9h 4d Qd]
Seat 1: 2560f0cf folded before Flop
Seat 2: 86f6b5f3 showed [Ah Ad] and lost with Pair of Aces
Seat 3: 3c0c6ccf folded before Flop
Seat 4: da80daf5 folded on the Flop
Seat 5: 3c90f73 (button) folded on the Flop
Seat 6: 22e59519 (small blind) folded before Flop
Seat 7: Hero (big blind) showed [6d 6h] and won (20,816) with Three Sixes
Seat 8: 9161d984 folded before Flop


Poker Hand #TM3556011230: Tournament #157928299, Mystery Bounty $1.08 - Test [Stage 1] Hold'em No Limit - Level2(60/120) - 2024/08/06 16:36:09
Table '12' 8-max Seat #4 is the button
Seat 1: 2560f0cf (9,767 in chips)
Seat 2: 86f6b5f3 (14,566 in chips)
Seat 3: 3c0c6ccf (12,798 in chips)
Seat 4: da80daf5 (11,508 in chips)
Seat 5: 3c90f73 (12,122 in chips)
Seat 6: 22e59519 (9,542 in chips)
Seat 7: Hero (9,742 in chips)
da80daf5: posts the ante 18
3c90f73: posts the ante 18
86f6b5f3: posts the ante 18
2560f0cf: posts the ante 18
3c0c6ccf: posts the ante 18
Hero: posts the ante 18
22e59519: posts the ante 18
3c90f73: posts small blind 60
22e59519: posts big blind 120
*** HOLE CARDS ***
Dealt to 2560f0cf 
Dealt to 86f6b5f3 
Dealt to 3c0c6ccf 
Dealt to da80daf5 
Dealt to 3c90f73 
Dealt to 22e59519 
Dealt to Hero [8d 3s]
Hero: folds
2560f0cf: folds
86f6b5f3: folds
3c0c6ccf: folds
da80daf5: raises 180 to 300
3c90f73: calls 240
22e59519: folds
*** FLOP *** [Th 6s 5c]
3c90f73: checks
da80daf5: bets 423
3c90f73: calls 423
*** TURN *** [Th 6s 5c] [8c]
3c90f73: checks
da80daf5: bets 1,269
3c90f73: calls 1,269
*** RIVER *** [Th 6s 5c 8c] [4s]
3c90f73: checks
da80daf5: bets 4,230
3c90f73: folds
Uncalled bet (4,230) returned to da80daf5
*** SHOWDOWN ***
da80daf5 collected 4,230 from pot
*** SUMMARY ***
Total pot 4,230 | Rake 0 | Jackpot 0 | Bingo 0 | Fortune 0 | Tax 0
Board [Th 6s 5c 8c 4s]
Seat 1: 2560f0cf folded before Flop
Seat 2: 86f6b5f3 folded before Flop
Seat 3: 3c0c6ccf folded before Flop
Seat 4: da80daf5 (button) won (4,230)
Seat 5: 3c90f73 (small blind) folded on the River
Seat 6: 22e59519 (big blind) folded before Flop
Seat 7: Hero folded before Flop


Poker Hand #TM3556011156: Tournament #157928299, Mystery Bounty $1.08 - Test [Stage 1] Hold'em No Limit - Level2(60/120) - 2024/08/06 16:35:11
Table '12' 8-max Seat #3 is the button
Seat 1: 2560f0cf (9,785 in chips)
Seat 2: 86f6b5f3 (10,367 in chips)
Seat 3: 3c0c6ccf (12,816 in chips)
Seat 4: da80daf5 (11,586 in chips)
Seat 5: 3c90f73 (12,260 in chips)
Seat 6: 22e59519 (9,560 in chips)
Seat 7: Hero (9,760 in chips)
Seat 8: 924ff0b3 (3,911 in chips)
da80daf5: posts the ante 18
3c90f73: posts the ante 18
86f6b5f3: posts the ante 18
2560f0cf: posts the ante 18
3c0c6ccf: posts the ante 18
924ff0b3: posts the ante 18
Hero: posts the ante 18
22e59519: posts the ante 18
da80daf5: posts small blind 60
3c90f73: posts big blind 120
*** HOLE CARDS ***
Dealt to 2560f0cf 
Dealt to 86f6b5f3 
Dealt to 3c0c6ccf 
Dealt to da80daf5 
Dealt to 3c90f73 
Dealt to 22e59519 
Dealt to Hero [3s 6s]
Dealt to 924ff0b3 
22e59519: folds
Hero: folds
924ff0b3: raises 180 to 300
2560f0cf: folds
86f6b5f3: raises 600 to 900
3c0c6ccf: folds
da80daf5: folds
3c90f73: folds
924ff0b3: raises 2,993 to 3,893 and is all-in
86f6b5f3: calls 2,993
924ff0b3: shows [Td Ts]
86f6b5f3: shows [Kc As]
*** FLOP *** [2c 4d Jh]
*** TURN *** [2c 4d Jh] [9c]
*** RIVER *** [2c 4d Jh 9c] [Ad]
*** SHOWDOWN ***
86f6b5f3 collected 8,110 from pot
*** SUMMARY ***
Total pot 8,110 | Rake 0 | Jackpot 0 | Bingo 0 | Fortune 0 | Tax 0
Board [2c 4d Jh 9c Ad]
Seat 1: 2560f0cf folded before Flop
Seat 2: 86f6b5f3 showed [Kc As] and won (8,110) with Pair of Aces
Seat 3: 3c0c6ccf (button) folded before Flop
Seat 4: da80daf5 (small blind) folded before Flop
Seat 5: 3c90f73 (big blind) folded before Flop
Seat 6: 22e59519 folded before Flop
Seat 7: Hero folded before Flop
Seat 8: 924ff0b3 showed [Td Ts] and lost with Pair of Tens


Poker Hand #TM3556011120: Tournament #157928299, Mystery Bounty $1.08 - Test [Stage 1] Hold'em No Limit - Level1(50/100) - 2024/08/06 16:34:36
Table '12' 8-max Seat #2 is the button
Seat 1: 2560f0cf (10,000 in chips)
Seat 2: 86f6b5f3 (10,382 in chips)
Seat 3: 3c0c6ccf (12,881 in chips)
Seat 4: da80daf5 (11,031 in chips)
Seat 5: 3c90f73 (12,275 in chips)
Seat 6: 22e59519 (9,775 in chips)
Seat 7: Hero (9,775 in chips)
Seat 8: 924ff0b3 (3,926 in chips)
da80daf5: posts the ante 15
3c90f73: posts the ante 15
86f6b5f3: posts the ante 15
2560f0cf: posts the ante 15
924ff0b3: posts the ante 15
3c0c6ccf: posts the ante 15
Hero: posts the ante 15
22e59519: posts the ante 15
3c0c6ccf: posts small blind 50
da80daf5: posts big blind 100
*** HOLE CARDS ***
Dealt to 2560f0cf 
Dealt to 86f6b5f3 
Dealt to 3c0c6ccf 
Dealt to da80daf5 
Dealt to 3c90f73 
Dealt to 22e59519 
Dealt to Hero [4d 8c]
Dealt to 924ff0b3 
3c90f73: folds
22e59519: raises 100 to 200
Hero: folds
924ff0b3: folds
2560f0cf: calls 200
86f6b5f3: folds
3c0c6ccf: folds
da80daf5: calls 100
*** FLOP *** [3h Kd 7h]
da80daf5: checks
22e59519: checks
2560f0cf: checks
*** TURN *** [3h Kd 7h] [9h]
da80daf5: bets 385
22e59519: folds
2560f0cf: folds
Uncalled bet (385) returned to da80daf5
*** SHOWDOWN ***
da80daf5 collected 770 from pot
*** SUMMARY ***
Total pot 770 | Rake 0 | Jackpot 0 | Bingo 0 | Fortune 0 | Tax 0
Board [3h Kd 7h 9h]
Seat 1: 2560f0cf folded on the Turn
Seat 2: 86f6b5f3 (button) folded before Flop
Seat 3: 3c0c6ccf (small blind) folded before Flop
Seat 4: da80daf5 (big blind) won (770)
Seat 5: 3c90f73 folded before Flop
Seat 6: 22e59519 folded on the Turn
Seat 7: Hero folded before Flop
Seat 8: 924ff0b3 folded before Flop


Poker Hand #TM3556011006: Tournament #157928299, Mystery Bounty $1.08 - Test [Stage 1] Hold'em No Limit - Level1(50/100) - 2024/08/06 16:33:04
Table '12' 8-max Seat #8 is the button
Seat 2: 86f6b5f3 (10,447 in chips)
Seat 3: 3c0c6ccf (9,124 in chips)
Seat 4: da80daf5 (11,046 in chips)
Seat 5: 3c90f73 (12,290 in chips)
Seat 6: 22e59519 (9,790 in chips)
Seat 7: Hero (9,790 in chips)
Seat 8: 924ff0b3 (7,558 in chips)
da80daf5: posts the ante 15
3c90f73: posts the ante 15
86f6b5f3: posts the ante 15
924ff0b3: posts the ante 15
3c0c6ccf: posts the ante 15
Hero: posts the ante 15
22e59519: posts the ante 15
86f6b5f3: posts small blind 50
3c0c6ccf: posts big blind 100
*** HOLE CARDS ***
Dealt to 86f6b5f3 
Dealt to 3c0c6ccf 
Dealt to da80daf5 
Dealt to 3c90f73 
Dealt to 22e59519 
Dealt to Hero [7h 3s]
Dealt to 924ff0b3 
da80daf5: folds
3c90f73: folds
22e59519: folds
Hero: folds
924ff0b3: raises 150 to 250
86f6b5f3: folds
3c0c6ccf: calls 150
*** FLOP *** [Ah 6d 8h]
3c0c6ccf: checks
924ff0b3: bets 164
3c0c6ccf: raises 354 to 518
924ff0b3: calls 354
*** TURN *** [Ah 6d 8h] [7d]
3c0c6ccf: bets 609
924ff0b3: calls 609
*** RIVER *** [Ah 6d 8h 7d] [Js]
3c0c6ccf: bets 2,240
924ff0b3: calls 2,240
3c0c6ccf: shows [Tc 9c] (Jacks-High Straight)
924ff0b3: shows [Ad 2s] (Pair of Aces)
*** SHOWDOWN ***
3c0c6ccf collected 7,389 from pot
*** SUMMARY ***
Total pot 7,389 | Rake 0 | Jackpot 0 | Bingo 0 | Fortune 0 | Tax 0
Board [Ah 6d 8h 7d Js]
Seat 2: 86f6b5f3 (small blind) folded before Flop
Seat 3: 3c0c6ccf (big blind) showed [Tc 9c] and won (7,389) with Jacks-High Straight
Seat 4: da80daf5 folded before Flop
Seat 5: 3c90f73 folded before Flop
Seat 6: 22e59519 folded before Flop
Seat 7: Hero folded before Flop
Seat 8: 924ff0b3 (button) showed [Ad 2s] and lost with Pair of Aces


Poker Hand #TM3556010951: Tournament #157928299, Mystery Bounty $1.08 - Test [Stage 1] Hold'em No Limit - Level1(50/100) - 2024/08/06 16:32:21
Table '12' 8-max Seat #7 is the button
Seat 2: 86f6b5f3 (9,955 in chips)
Seat 3: 3c0c6ccf (9,139 in chips)
Seat 4: da80daf5 (11,061 in chips)
Seat 5: 3c90f73 (12,305 in chips)
Seat 6: 22e59519 (9,805 in chips)
Seat 7: Hero (9,805 in chips)
Seat 8: 924ff0b3 (7,975 in chips)
da80daf5: posts the ante 15
3c90f73: posts the ante 15
86f6b5f3: posts the ante 15
3c0c6ccf: posts the ante 15
924ff0b3: posts the ante 15
Hero: posts the ante 15
22e59519: posts the ante 15
924ff0b3: posts small blind 50
86f6b5f3: posts big blind 100
*** HOLE CARDS ***
Dealt to 86f6b5f3 
Dealt to 3c0c6ccf 
Dealt to da80daf5 
Dealt to 3c90f73 
Dealt to 22e59519 
Dealt to Hero [5s Jh]
Dealt to 924ff0b3 
3c0c6ccf: folds
da80daf5: folds
3c90f73: folds
22e59519: folds
Hero: folds
924ff0b3: raises 150 to 250
86f6b5f3: calls 150
*** FLOP *** [8d 9d Ks]
924ff0b3: bets 152
86f6b5f3: raises 673 to 825
924ff0b3: folds
Uncalled bet (673) returned to 86f6b5f3
*** SHOWDOWN ***
86f6b5f3 collected 909 from pot
*** SUMMARY ***
Total pot 909 | Rake 0 | Jackpot 0 | Bingo 0 | Fortune 0 | Tax 0
Board [8d 9d Ks]
Seat 2: 86f6b5f3 (big blind) won (909)
Seat 3: 3c0c6ccf folded before Flop
Seat 4: da80daf5 folded before Flop
Seat 5: 3c90f73 folded before Flop
Seat 6: 22e59519 folded before Flop
Seat 7: Hero (button) folded before Flop
Seat 8: 924ff0b3 (small blind) folded on the Flop


Poker Hand #TM3556010878: Tournament #157928299, Mystery Bounty $1.08 - Test [Stage 1] Hold'em No Limit - Level1(50/100) - 2024/08/06 16:31:31
Table '12' 8-max Seat #6 is the button
Seat 1: 97394d17 (9,970 in chips)
Seat 2: 86f6b5f3 (9,970 in chips)
Seat 3: 3c0c6ccf (9,154 in chips)
Seat 4: da80daf5 (11,326 in chips)
Seat 5: 3c90f73 (9,920 in chips)
Seat 6: 22e59519 (9,820 in chips)
Seat 7: Hero (9,870 in chips)
Seat 8: 924ff0b3 (9,970 in chips)
97394d17: posts the ante 15
da80daf5: posts the ante 15
3c90f73: posts the ante 15
86f6b5f3: posts the ante 15
3c0c6ccf: posts the ante 15
924ff0b3: posts the ante 15
Hero: posts the ante 15
22e59519: posts the ante 15
Hero: posts small blind 50
924ff0b3: posts big blind 100
*** HOLE CARDS ***
Dealt to 97394d17 
Dealt to 86f6b5f3 
Dealt to 3c0c6ccf 
Dealt to da80daf5 
Dealt to 3c90f73 
Dealt to 22e59519 
Dealt to Hero [2h 5s]
Dealt to 924ff0b3 
97394d17: folds
86f6b5f3: folds
3c0c6ccf: folds
da80daf5: raises 150 to 250
3c90f73: calls 250
22e59519: folds
Hero: folds
924ff0b3: raises 1,000 to 1,250
da80daf5: folds
3c90f73: calls 1,000
*** FLOP *** [2d As 8c]
924ff0b3: bets 730
3c90f73: calls 730
*** TURN *** [2d As 8c] [Qh]
924ff0b3: checks
3c90f73: bets 1,990
924ff0b3: folds
Uncalled bet (1,990) returned to 3c90f73
*** SHOWDOWN ***
3c90f73 collected 4,380 from pot
*** SUMMARY ***
Total pot 4,380 | Rake 0 | Jackpot 0 | Bingo 0 | Fortune 0 | Tax 0
Board [2d As 8c Qh]
Seat 1: 97394d17 folded before Flop
Seat 2: 86f6b5f3 folded before Flop
Seat 3: 3c0c6ccf folded before Flop
Seat 4: da80daf5 folded before Flop
Seat 5: 3c90f73 won (4,380)
Seat 6: 22e59519 (button) folded before Flop
Seat 7: Hero (small blind) folded before Flop
Seat 8: 924ff0b3 (big blind) folded on the Turn


Poker Hand #TM3556010831: Tournament #157928299, Mystery Bounty $1.08 - Test [Stage 1] Hold'em No Limit - Level1(50/100) - 2024/08/06 16:31:03
Table '12' 8-max Seat #5 is the button
Seat 1: 97394d17 (9,985 in chips)
Seat 2: 86f6b5f3 (9,985 in chips)
Seat 3: 3c0c6ccf (8,899 in chips)
Seat 4: da80daf5 (11,341 in chips)
Seat 5: 3c90f73 (9,935 in chips)
Seat 6: 22e59519 (9,885 in chips)
Seat 7: Hero (9,985 in chips)
Seat 8: 924ff0b3 (9,985 in chips)
97394d17: posts the ante 15
da80daf5: posts the ante 15
3c90f73: posts the ante 15
86f6b5f3: posts the ante 15
3c0c6ccf: posts the ante 15
924ff0b3: posts the ante 15
Hero: posts the ante 15
22e59519: posts the ante 15
22e59519: posts small blind 50
Hero: posts big blind 100
*** HOLE CARDS ***
Dealt to 97394d17 
Dealt to 86f6b5f3 
Dealt to 3c0c6ccf 
Dealt to da80daf5 
Dealt to 3c90f73 
Dealt to 22e59519 
Dealt to Hero [3d 9d]
Dealt to 924ff0b3 
924ff0b3: folds
97394d17: folds
86f6b5f3: folds
3c0c6ccf: raises 100 to 200
da80daf5: folds
3c90f73: folds
22e59519: folds
Hero: folds
Uncalled bet (100) returned to 3c0c6ccf
*** SHOWDOWN ***
3c0c6ccf collected 370 from pot
*** SUMMARY ***
Total pot 370 | Rake 0 | Jackpot 0 | Bingo 0 | Fortune 0 | Tax 0
Seat 1: 97394d17 folded before Flop
Seat 2: 86f6b5f3 folded before Flop
Seat 3: 3c0c6ccf collected (370)
Seat 4: da80daf5 folded before Flop
Seat 5: 3c90f73 (button) folded before Flop
Seat 6: 22e59519 (small blind) folded before Flop
Seat 7: Hero (big blind) folded before Flop
Seat 8: 924ff0b3 folded before Flop


Poker Hand #TM3556010755: Tournament #157928299, Mystery Bounty $1.08 - Test [Stage 1] Hold'em No Limit - Level1(50/100) - 2024/08/06 16:30:02
Table '12' 8-max Seat #4 is the button
Seat 1: 97394d17 (10,000 in chips)
Seat 2: 86f6b5f3 (10,000 in chips)
Seat 3: 3c0c6ccf (10,000 in chips)
Seat 4: da80daf5 (10,000 in chips)
Seat 5: 3c90f73 (10,000 in chips)
Seat 6: 22e59519 (10,000 in chips)
Seat 7: Hero (10,000 in chips)
Seat 8: 924ff0b3 (10,000 in chips)
97394d17: posts the ante 15
da80daf5: posts the ante 15
3c90f73: posts the ante 15
86f6b5f3: posts the ante 15
3c0c6ccf: posts the ante 15
924ff0b3: posts the ante 15
Hero: posts the ante 15
22e59519: posts the ante 15
3c90f73: posts small blind 50
22e59519: posts big blind 100
*** HOLE CARDS ***
Dealt to 97394d17 
Dealt to 86f6b5f3 
Dealt to 3c0c6ccf 
Dealt to da80daf5 
Dealt to 3c90f73 
Dealt to 22e59519 
Dealt to Hero [2c Qc]
Dealt to 924ff0b3 
Hero: folds
924ff0b3: folds
97394d17: folds
86f6b5f3: folds
3c0c6ccf: raises 100 to 200
da80daf5: raises 400 to 600
3c90f73: folds
22e59519: folds
3c0c6ccf: calls 400
*** FLOP *** [Ad 6h Js]
3c0c6ccf: checks
da80daf5: bets 486
3c0c6ccf: calls 486
*** TURN *** [Ad 6h Js] [5h]
3c0c6ccf: checks
da80daf5: bets 1,832
3c0c6ccf: folds
Uncalled bet (1,832) returned to da80daf5
*** SHOWDOWN ***
da80daf5 collected 2,442 from pot
*** SUMMARY ***
Total pot 2,442 | Rake 0 | Jackpot 0 | Bingo 0 | Fortune 0 | Tax 0
Board [Ad 6h Js 5h]
Seat 1: 97394d17 folded before Flop
Seat 2: 86f6b5f3 folded before Flop
Seat 3: 3c0c6ccf folded on the Turn
Seat 4: da80daf5 (button) won (2,442)
Seat 5: 3c90f73 (small blind) folded before Flop
Seat 6: 22e59519 (big blind) folded before Flop
Seat 7: Hero folded before Flop
Seat 8: 924ff0b3 folded before Flop


