Poker Hand #TM3577256520: Tournament #157957577, Bounty Hunters Big One $1.08 Hold'em No Limit - Level8(200/400) - 2024/08/13 18:54:53
Table '178' 8-max Seat #7 is the button
Seat 1: 8bd85b7c (41,767 in chips)
Seat 2: Hero (17,996 in chips)
Seat 3: 721c1d0e (4,106 in chips)
Seat 4: b9ee39fe (65,910 in chips)
Seat 5: 154b6673 (8,420 in chips)
Seat 6: c49af493 (28,742 in chips)
Seat 7: 7bbfc66b (5,588 in chips)
Seat 8: 1a74b425 (52,198 in chips)
b9ee39fe: posts the ante 60
154b6673: posts the ante 60
8bd85b7c: posts the ante 60
721c1d0e: posts the ante 60
7bbfc66b: posts the ante 60
1a74b425: posts the ante 60
c49af493: posts the ante 60
Hero: posts the ante 60
1a74b425: posts small blind 200
8bd85b7c: posts big blind 400
*** HOLE CARDS ***
Dealt to 8bd85b7c 
Dealt to Hero [Kh Ts]
Dealt to 721c1d0e 
Dealt to b9ee39fe 
Dealt to 154b6673 
Dealt to c49af493 
Dealt to 7bbfc66b 
Dealt to 1a74b425 
Hero: calls 400
721c1d0e: folds
b9ee39fe: folds
154b6673: folds
c49af493: calls 400
7bbfc66b: folds
1a74b425: calls 200
8bd85b7c: checks
*** FLOP *** [6h Tc 5c]
1a74b425: bets 1,040
8bd85b7c: folds
Hero: raises 3,120 to 4,160
c49af493: calls 4,160
1a74b425: calls 3,120
*** TURN *** [6h Tc 5c] [4s]
1a74b425: checks
Hero: bets 13,376 and is all-in
c49af493: calls 13,376
1a74b425: folds
Hero: shows [Kh Ts] (Pair of Tens)
c49af493: shows [9c 6c] (Pair of Sixes)
*** RIVER *** [6h Tc 5c 4s] [Jc]
*** SHOWDOWN ***
c49af493 collected 41,312 from pot
*** SUMMARY ***
Total pot 41,312 | Rake 0 | Jackpot 0 | Bingo 0 | Fortune 0 | Tax 0
Board [6h Tc 5c 4s Jc]
Seat 1: 8bd85b7c (big blind) folded on the Flop
Seat 2: Hero showed [Kh Ts] and lost with Pair of Tens
Seat 3: 721c1d0e folded before Flop
Seat 4: b9ee39fe folded before Flop
Seat 5: 154b6673 folded before Flop
Seat 6: c49af493 showed [9c 6c] and won (41,312) with Jack High Flush
Seat 7: 7bbfc66b (button) folded before Flop
Seat 8: 1a74b425 (small blind) folded on the Turn


Poker Hand #TM3577256486: Tournament #157957577, Bounty Hunters Big One $1.08 Hold'em No Limit - Level8(200/400) - 2024/08/13 18:54:02
Table '178' 8-max Seat #6 is the button
Seat 1: 8bd85b7c (41,827 in chips)
Seat 2: Hero (18,056 in chips)
Seat 3: 721c1d0e (2,504 in chips)
Seat 4: b9ee39fe (65,970 in chips)
Seat 5: 154b6673 (11,665 in chips)
Seat 6: c49af493 (28,802 in chips)
Seat 7: 7bbfc66b (3,245 in chips)
Seat 8: 1a74b425 (52,658 in chips)
b9ee39fe: posts the ante 60
154b6673: posts the ante 60
8bd85b7c: posts the ante 60
721c1d0e: posts the ante 60
1a74b425: posts the ante 60
7bbfc66b: posts the ante 60
c49af493: posts the ante 60
Hero: posts the ante 60
7bbfc66b: posts small blind 200
1a74b425: posts big blind 400
*** HOLE CARDS ***
Dealt to 8bd85b7c 
Dealt to Hero [6h 5c]
Dealt to 721c1d0e 
Dealt to b9ee39fe 
Dealt to 154b6673 
Dealt to c49af493 
Dealt to 7bbfc66b 
Dealt to 1a74b425 
8bd85b7c: folds
Hero: folds
721c1d0e: raises 2,044 to 2,444 and is all-in
b9ee39fe: folds
154b6673: raises 5,968 to 8,412
c49af493: folds
7bbfc66b: calls 2,985 and is all-in
1a74b425: folds
Uncalled bet (5,227) returned to 154b6673
154b6673: shows [Kd Ad]
7bbfc66b: shows [8h Th]
721c1d0e: shows [8d Td]
*** FLOP *** [6d 9s Js]
*** TURN *** [6d 9s Js] [7d]
*** RIVER *** [6d 9s Js 7d] [Tc]
*** SHOWDOWN ***
7bbfc66b collected 4,106 from pot
721c1d0e collected 4,106 from pot
7bbfc66b collected 1,482 from pot
*** SUMMARY ***
Total pot 9,694 | Rake 0 | Jackpot 0 | Bingo 0 | Fortune 0 | Tax 0
Board [6d 9s Js 7d Tc]
Seat 1: 8bd85b7c folded before Flop
Seat 2: Hero folded before Flop
Seat 3: 721c1d0e showed [8d Td] and won (4,106) with Jacks-High Straight
Seat 4: b9ee39fe folded before Flop
Seat 5: 154b6673 showed [Kd Ad] and lost with Ace-High
Seat 6: c49af493 (button) folded before Flop
Seat 7: 7bbfc66b (small blind) showed [8h Th] and won (5,588) with Jacks-High Straight
Seat 8: 1a74b425 (big blind) folded before Flop


Poker Hand #TM3577256458: Tournament #157957577, Bounty Hunters Big One $1.08 Hold'em No Limit - Level8(200/400) - 2024/08/13 18:53:25
Table '178' 8-max Seat #5 is the button
Seat 1: 8bd85b7c (41,887 in chips)
Seat 2: Hero (18,516 in chips)
Seat 3: 721c1d0e (2,564 in chips)
Seat 4: b9ee39fe (66,030 in chips)
Seat 5: 154b6673 (10,245 in chips)
Seat 6: c49af493 (29,062 in chips)
Seat 7: 7bbfc66b (3,705 in chips)
Seat 8: 1a74b425 (52,718 in chips)
b9ee39fe: posts the ante 60
154b6673: posts the ante 60
8bd85b7c: posts the ante 60
721c1d0e: posts the ante 60
1a74b425: posts the ante 60
7bbfc66b: posts the ante 60
c49af493: posts the ante 60
Hero: posts the ante 60
c49af493: posts small blind 200
7bbfc66b: posts big blind 400
*** HOLE CARDS ***
Dealt to 8bd85b7c 
Dealt to Hero [3h 6h]
Dealt to 721c1d0e 
Dealt to b9ee39fe 
Dealt to 154b6673 
Dealt to c49af493 
Dealt to 7bbfc66b 
Dealt to 1a74b425 
1a74b425: folds
8bd85b7c: folds
Hero: calls 400
721c1d0e: folds
b9ee39fe: folds
154b6673: raises 9,785 to 10,185 and is all-in
c49af493: folds
7bbfc66b: folds
Hero: folds
Uncalled bet (9,785) returned to 154b6673
*** SHOWDOWN ***
154b6673 collected 1,880 from pot
*** SUMMARY ***
Total pot 1,880 | Rake 0 | Jackpot 0 | Bingo 0 | Fortune 0 | Tax 0
Seat 1: 8bd85b7c folded before Flop
Seat 2: Hero folded before Flop
Seat 3: 721c1d0e folded before Flop
Seat 4: b9ee39fe folded before Flop
Seat 5: 154b6673 (button) collected (1,880)
Seat 6: c49af493 (small blind) folded before Flop
Seat 7: 7bbfc66b (big blind) folded before Flop
Seat 8: 1a74b425 folded before Flop


Poker Hand #TM3577256440: Tournament #157957577, Bounty Hunters Big One $1.08 Hold'em No Limit - Level8(200/400) - 2024/08/13 18:52:53
Table '178' 8-max Seat #4 is the button
Seat 1: 8bd85b7c (41,947 in chips)
Seat 2: Hero (18,576 in chips)
Seat 3: 721c1d0e (2,624 in chips)
Seat 4: b9ee39fe (66,890 in chips)
Seat 5: 154b6673 (8,625 in chips)
Seat 6: c49af493 (29,522 in chips)
Seat 7: 7bbfc66b (3,765 in chips)
Seat 8: 1a74b425 (52,778 in chips)
b9ee39fe: posts the ante 60
154b6673: posts the ante 60
8bd85b7c: posts the ante 60
721c1d0e: posts the ante 60
1a74b425: posts the ante 60
7bbfc66b: posts the ante 60
c49af493: posts the ante 60
Hero: posts the ante 60
154b6673: posts small blind 200
c49af493: posts big blind 400
*** HOLE CARDS ***
Dealt to 8bd85b7c 
Dealt to Hero [Qc 6d]
Dealt to 721c1d0e 
Dealt to b9ee39fe 
Dealt to 154b6673 
Dealt to c49af493 
Dealt to 7bbfc66b 
Dealt to 1a74b425 
7bbfc66b: folds
1a74b425: folds
8bd85b7c: folds
Hero: folds
721c1d0e: folds
b9ee39fe: raises 400 to 800
154b6673: raises 7,765 to 8,565 and is all-in
c49af493: folds
b9ee39fe: folds
Uncalled bet (7,765) returned to 154b6673
*** SHOWDOWN ***
154b6673 collected 2,480 from pot
*** SUMMARY ***
Total pot 2,480 | Rake 0 | Jackpot 0 | Bingo 0 | Fortune 0 | Tax 0
Seat 1: 8bd85b7c folded before Flop
Seat 2: Hero folded before Flop
Seat 3: 721c1d0e folded before Flop
Seat 4: b9ee39fe (button) folded before Flop
Seat 5: 154b6673 (small blind) collected (2,480)
Seat 6: c49af493 (big blind) folded before Flop
Seat 7: 7bbfc66b folded before Flop
Seat 8: 1a74b425 folded before Flop


Poker Hand #TM3577256418: Tournament #157957577, Bounty Hunters Big One $1.08 Hold'em No Limit - Level8(200/400) - 2024/08/13 18:52:23
Table '178' 8-max Seat #3 is the button
Seat 1: 8bd85b7c (42,007 in chips)
Seat 2: Hero (18,636 in chips)
Seat 3: 721c1d0e (2,684 in chips)
Seat 4: b9ee39fe (67,150 in chips)
Seat 5: 154b6673 (9,085 in chips)
Seat 6: c49af493 (28,502 in chips)
Seat 7: 7bbfc66b (3,825 in chips)
Seat 8: 1a74b425 (52,838 in chips)
b9ee39fe: posts the ante 60
154b6673: posts the ante 60
8bd85b7c: posts the ante 60
721c1d0e: posts the ante 60
1a74b425: posts the ante 60
7bbfc66b: posts the ante 60
c49af493: posts the ante 60
Hero: posts the ante 60
b9ee39fe: posts small blind 200
154b6673: posts big blind 400
*** HOLE CARDS ***
Dealt to 8bd85b7c 
Dealt to Hero [Jh 6s]
Dealt to 721c1d0e 
Dealt to b9ee39fe 
Dealt to 154b6673 
Dealt to c49af493 
Dealt to 7bbfc66b 
Dealt to 1a74b425 
c49af493: raises 800 to 1,200
7bbfc66b: folds
1a74b425: folds
8bd85b7c: folds
Hero: folds
721c1d0e: folds
b9ee39fe: folds
154b6673: folds
Uncalled bet (800) returned to c49af493
*** SHOWDOWN ***
c49af493 collected 1,480 from pot
*** SUMMARY ***
Total pot 1,480 | Rake 0 | Jackpot 0 | Bingo 0 | Fortune 0 | Tax 0
Seat 1: 8bd85b7c folded before Flop
Seat 2: Hero folded before Flop
Seat 3: 721c1d0e (button) folded before Flop
Seat 4: b9ee39fe (small blind) folded before Flop
Seat 5: 154b6673 (big blind) folded before Flop
Seat 6: c49af493 collected (1,480)
Seat 7: 7bbfc66b folded before Flop
Seat 8: 1a74b425 folded before Flop


Poker Hand #TM3577256382: Tournament #157957577, Bounty Hunters Big One $1.08 Hold'em No Limit - Level8(200/400) - 2024/08/13 18:51:24
Table '178' 8-max Seat #2 is the button
Seat 1: 8bd85b7c (42,067 in chips)
Seat 2: Hero (18,696 in chips)
Seat 3: 721c1d0e (2,944 in chips)
Seat 4: b9ee39fe (67,610 in chips)
Seat 5: 154b6673 (9,145 in chips)
Seat 6: c49af493 (30,962 in chips)
Seat 7: 7bbfc66b (3,885 in chips)
Seat 8: 1a74b425 (49,418 in chips)
b9ee39fe: posts the ante 60
154b6673: posts the ante 60
8bd85b7c: posts the ante 60
721c1d0e: posts the ante 60
1a74b425: posts the ante 60
7bbfc66b: posts the ante 60
c49af493: posts the ante 60
Hero: posts the ante 60
721c1d0e: posts small blind 200
b9ee39fe: posts big blind 400
*** HOLE CARDS ***
Dealt to 8bd85b7c 
Dealt to Hero [4d Ah]
Dealt to 721c1d0e 
Dealt to b9ee39fe 
Dealt to 154b6673 
Dealt to c49af493 
Dealt to 7bbfc66b 
Dealt to 1a74b425 
154b6673: folds
c49af493: raises 400 to 800
7bbfc66b: folds
1a74b425: raises 1,600 to 2,400
8bd85b7c: folds
Hero: folds
721c1d0e: folds
b9ee39fe: folds
c49af493: calls 1,600
*** FLOP *** [8s 5h Jh]
c49af493: checks
1a74b425: bets 1,600
c49af493: folds
Uncalled bet (1,600) returned to 1a74b425
*** SHOWDOWN ***
1a74b425 collected 5,880 from pot
*** SUMMARY ***
Total pot 5,880 | Rake 0 | Jackpot 0 | Bingo 0 | Fortune 0 | Tax 0
Board [8s 5h Jh]
Seat 1: 8bd85b7c folded before Flop
Seat 2: Hero (button) folded before Flop
Seat 3: 721c1d0e (small blind) folded before Flop
Seat 4: b9ee39fe (big blind) folded before Flop
Seat 5: 154b6673 folded before Flop
Seat 6: c49af493 folded on the Flop
Seat 7: 7bbfc66b folded before Flop
Seat 8: 1a74b425 won (5,880)


Poker Hand #TM3577256336: Tournament #157957577, Bounty Hunters Big One $1.08 Hold'em No Limit - Level8(200/400) - 2024/08/13 18:49:58
Table '178' 8-max Seat #1 is the button
Seat 1: 8bd85b7c (42,127 in chips)
Seat 2: Hero (18,956 in chips)
Seat 3: 721c1d0e (3,404 in chips)
Seat 4: b9ee39fe (75,092 in chips)
Seat 5: 154b6673 (9,205 in chips)
Seat 6: c49af493 (22,520 in chips)
Seat 7: 7bbfc66b (3,945 in chips)
Seat 8: 1a74b425 (49,478 in chips)
b9ee39fe: posts the ante 60
154b6673: posts the ante 60
8bd85b7c: posts the ante 60
721c1d0e: posts the ante 60
1a74b425: posts the ante 60
7bbfc66b: posts the ante 60
c49af493: posts the ante 60
Hero: posts the ante 60
Hero: posts small blind 200
721c1d0e: posts big blind 400
*** HOLE CARDS ***
Dealt to 8bd85b7c 
Dealt to Hero [Th Qs]
Dealt to 721c1d0e 
Dealt to b9ee39fe 
Dealt to 154b6673 
Dealt to c49af493 
Dealt to 7bbfc66b 
Dealt to 1a74b425 
b9ee39fe: raises 800 to 1,200
154b6673: folds
c49af493: raises 1,149 to 2,349
7bbfc66b: folds
1a74b425: folds
8bd85b7c: folds
Hero: folds
721c1d0e: folds
b9ee39fe: calls 1,149
*** FLOP *** [Ks Kd 3h]
b9ee39fe: checks
c49af493: bets 1,907
b9ee39fe: calls 1,907
*** TURN *** [Ks Kd 3h] [6c]
b9ee39fe: checks
c49af493: bets 3,166
b9ee39fe: calls 3,166
*** RIVER *** [Ks Kd 3h 6c] [2h]
b9ee39fe: checks
c49af493: bets 15,038 and is all-in
b9ee39fe: folds
Uncalled bet (15,038) returned to c49af493
*** SHOWDOWN ***
c49af493 collected 15,924 from pot
*** SUMMARY ***
Total pot 15,924 | Rake 0 | Jackpot 0 | Bingo 0 | Fortune 0 | Tax 0
Board [Ks Kd 3h 6c 2h]
Seat 1: 8bd85b7c (button) folded before Flop
Seat 2: Hero (small blind) folded before Flop
Seat 3: 721c1d0e (big blind) folded before Flop
Seat 4: b9ee39fe folded on the River
Seat 5: 154b6673 folded before Flop
Seat 6: c49af493 won (15,924)
Seat 7: 7bbfc66b folded before Flop
Seat 8: 1a74b425 folded before Flop


Poker Hand #TM3577256294: Tournament #157957577, Bounty Hunters Big One $1.08 Hold'em No Limit - Level8(200/400) - 2024/08/13 18:48:59
Table '178' 8-max Seat #7 is the button
Seat 1: 8bd85b7c (39,139 in chips)
Seat 2: Hero (15,968 in chips)
Seat 3: 721c1d0e (3,464 in chips)
Seat 4: b9ee39fe (75,152 in chips)
Seat 5: 154b6673 (9,265 in chips)
Seat 6: c49af493 (22,580 in chips)
Seat 7: 7bbfc66b (4,005 in chips)
Seat 8: 80816d7f (5,676 in chips)
b9ee39fe: posts the ante 60
80816d7f: posts the ante 60
154b6673: posts the ante 60
8bd85b7c: posts the ante 60
721c1d0e: posts the ante 60
7bbfc66b: posts the ante 60
c49af493: posts the ante 60
Hero: posts the ante 60
80816d7f: posts small blind 200
8bd85b7c: posts big blind 400
*** HOLE CARDS ***
Dealt to 8bd85b7c 
Dealt to Hero [8c 7c]
Dealt to 721c1d0e 
Dealt to b9ee39fe 
Dealt to 154b6673 
Dealt to c49af493 
Dealt to 7bbfc66b 
Dealt to 80816d7f 
Hero: calls 400
721c1d0e: folds
b9ee39fe: folds
154b6673: folds
c49af493: folds
7bbfc66b: folds
80816d7f: raises 5,216 to 5,616 and is all-in
8bd85b7c: calls 5,216
Hero: calls 5,216
*** FLOP *** [4s 7s 5c]
8bd85b7c: bets 17,328
Hero: calls 10,292 and is all-in
Uncalled bet (7,036) returned to 8bd85b7c
8bd85b7c: shows [8h Ah] (Ace-High)
Hero: shows [8c 7c] (Pair of Sevens)
80816d7f: shows [Ad Js] (Ace-High)
*** TURN *** [4s 7s 5c] [Ks]
*** RIVER *** [4s 7s 5c Ks] [6h]
*** SHOWDOWN ***
Hero collected 8,664 from pot
8bd85b7c collected 8,664 from pot
Hero collected 10,292 from pot
8bd85b7c collected 10,292 from pot
*** SUMMARY ***
Total pot 37,912 | Rake 0 | Jackpot 0 | Bingo 0 | Fortune 0 | Tax 0
Board [4s 7s 5c Ks 6h]
Seat 1: 8bd85b7c (big blind) showed [8h Ah] and won (18,956) with Eights-High Straight
Seat 2: Hero showed [8c 7c] and won (18,956) with Eights-High Straight
Seat 3: 721c1d0e folded before Flop
Seat 4: b9ee39fe folded before Flop
Seat 5: 154b6673 folded before Flop
Seat 6: c49af493 folded before Flop
Seat 7: 7bbfc66b (button) folded before Flop
Seat 8: 80816d7f (small blind) showed [Ad Js] and lost with Ace-High


Poker Hand #TM3577256256: Tournament #157957577, Bounty Hunters Big One $1.08 Hold'em No Limit - Level8(200/400) - 2024/08/13 18:48:01
Table '178' 8-max Seat #6 is the button
Seat 1: 8bd85b7c (39,199 in chips)
Seat 2: Hero (16,028 in chips)
Seat 3: 721c1d0e (3,524 in chips)
Seat 4: b9ee39fe (73,732 in chips)
Seat 5: 154b6673 (9,325 in chips)
Seat 6: c49af493 (22,640 in chips)
Seat 7: 7bbfc66b (4,265 in chips)
Seat 8: 80816d7f (6,536 in chips)
b9ee39fe: posts the ante 60
80816d7f: posts the ante 60
154b6673: posts the ante 60
8bd85b7c: posts the ante 60
721c1d0e: posts the ante 60
7bbfc66b: posts the ante 60
c49af493: posts the ante 60
Hero: posts the ante 60
7bbfc66b: posts small blind 200
80816d7f: posts big blind 400
*** HOLE CARDS ***
Dealt to 8bd85b7c 
Dealt to Hero [3s 4d]
Dealt to 721c1d0e 
Dealt to b9ee39fe 
Dealt to 154b6673 
Dealt to c49af493 
Dealt to 7bbfc66b 
Dealt to 80816d7f 
8bd85b7c: folds
Hero: folds
721c1d0e: folds
b9ee39fe: raises 400 to 800
154b6673: folds
c49af493: folds
7bbfc66b: folds
80816d7f: calls 400
*** FLOP *** [2d 3h Js]
80816d7f: checks
b9ee39fe: bets 1,140
80816d7f: folds
Uncalled bet (1,140) returned to b9ee39fe
*** SHOWDOWN ***
b9ee39fe collected 2,280 from pot
*** SUMMARY ***
Total pot 2,280 | Rake 0 | Jackpot 0 | Bingo 0 | Fortune 0 | Tax 0
Board [2d 3h Js]
Seat 1: 8bd85b7c folded before Flop
Seat 2: Hero folded before Flop
Seat 3: 721c1d0e folded before Flop
Seat 4: b9ee39fe won (2,280)
Seat 5: 154b6673 folded before Flop
Seat 6: c49af493 (button) folded before Flop
Seat 7: 7bbfc66b (small blind) folded before Flop
Seat 8: 80816d7f (big blind) folded on the Flop


Poker Hand #TM3577256236: Tournament #157957577, Bounty Hunters Big One $1.08 Hold'em No Limit - Level8(200/400) - 2024/08/13 18:47:31
Table '178' 8-max Seat #5 is the button
Seat 1: 8bd85b7c (39,259 in chips)
Seat 2: Hero (15,008 in chips)
Seat 3: 721c1d0e (3,584 in chips)
Seat 4: b9ee39fe (73,792 in chips)
Seat 5: 154b6673 (9,385 in chips)
Seat 6: c49af493 (22,900 in chips)
Seat 7: 7bbfc66b (4,725 in chips)
Seat 8: 80816d7f (6,596 in chips)
b9ee39fe: posts the ante 60
80816d7f: posts the ante 60
154b6673: posts the ante 60
8bd85b7c: posts the ante 60
721c1d0e: posts the ante 60
7bbfc66b: posts the ante 60
c49af493: posts the ante 60
Hero: posts the ante 60
c49af493: posts small blind 200
7bbfc66b: posts big blind 400
*** HOLE CARDS ***
Dealt to 8bd85b7c 
Dealt to Hero [Jh Th]
Dealt to 721c1d0e 
Dealt to b9ee39fe 
Dealt to 154b6673 
Dealt to c49af493 
Dealt to 7bbfc66b 
Dealt to 80816d7f 
80816d7f: folds
8bd85b7c: folds
Hero: raises 600 to 1,000
721c1d0e: folds
b9ee39fe: folds
154b6673: folds
c49af493: folds
7bbfc66b: folds
Uncalled bet (600) returned to Hero
*** SHOWDOWN ***
Hero collected 1,480 from pot
*** SUMMARY ***
Total pot 1,480 | Rake 0 | Jackpot 0 | Bingo 0 | Fortune 0 | Tax 0
Seat 1: 8bd85b7c folded before Flop
Seat 2: Hero collected (1,480)
Seat 3: 721c1d0e folded before Flop
Seat 4: b9ee39fe folded before Flop
Seat 5: 154b6673 (button) folded before Flop
Seat 6: c49af493 (small blind) folded before Flop
Seat 7: 7bbfc66b (big blind) folded before Flop
Seat 8: 80816d7f folded before Flop


Poker Hand #TM3577256194: Tournament #157957577, Bounty Hunters Big One $1.08 Hold'em No Limit - Level7(175/350) - 2024/08/13 18:46:21
Table '178' 8-max Seat #4 is the button
Seat 1: 8bd85b7c (39,309 in chips)
Seat 2: Hero (15,058 in chips)
Seat 3: 721c1d0e (3,634 in chips)
Seat 4: b9ee39fe (74,892 in chips)
Seat 5: 154b6673 (20,160 in chips)
Seat 6: c49af493 (10,775 in chips)
Seat 7: 7bbfc66b (4,775 in chips)
Seat 8: 80816d7f (6,646 in chips)
b9ee39fe: posts the ante 50
80816d7f: posts the ante 50
154b6673: posts the ante 50
8bd85b7c: posts the ante 50
721c1d0e: posts the ante 50
7bbfc66b: posts the ante 50
c49af493: posts the ante 50
Hero: posts the ante 50
154b6673: posts small blind 175
c49af493: posts big blind 350
*** HOLE CARDS ***
Dealt to 8bd85b7c 
Dealt to Hero [Js 7d]
Dealt to 721c1d0e 
Dealt to b9ee39fe 
Dealt to 154b6673 
Dealt to c49af493 
Dealt to 7bbfc66b 
Dealt to 80816d7f 
7bbfc66b: folds
80816d7f: folds
8bd85b7c: folds
Hero: folds
721c1d0e: folds
b9ee39fe: raises 700 to 1,050
154b6673: calls 875
c49af493: raises 3,550 to 4,600
b9ee39fe: folds
154b6673: raises 10,650 to 15,250
c49af493: calls 6,125 and is all-in
Uncalled bet (4,525) returned to 154b6673
154b6673: shows [2d 2c]
c49af493: shows [Qs Qc]
*** FLOP *** [Jd 4d 8s]
*** TURN *** [Jd 4d 8s] [Ks]
*** RIVER *** [Jd 4d 8s Ks] [As]
*** SHOWDOWN ***
c49af493 collected 22,900 from pot
*** SUMMARY ***
Total pot 22,900 | Rake 0 | Jackpot 0 | Bingo 0 | Fortune 0 | Tax 0
Board [Jd 4d 8s Ks As]
Seat 1: 8bd85b7c folded before Flop
Seat 2: Hero folded before Flop
Seat 3: 721c1d0e folded before Flop
Seat 4: b9ee39fe (button) folded before Flop
Seat 5: 154b6673 (small blind) showed [2d 2c] and lost with Pair of Twos
Seat 6: c49af493 (big blind) showed [Qs Qc] and won (22,900) with Pair of Queens
Seat 7: 7bbfc66b folded before Flop
Seat 8: 80816d7f folded before Flop


Poker Hand #TM3577256139: Tournament #157957577, Bounty Hunters Big One $1.08 Hold'em No Limit - Level7(175/350) - 2024/08/13 18:44:45
Table '178' 8-max Seat #3 is the button
Seat 1: 8bd85b7c (39,359 in chips)
Seat 2: Hero (15,108 in chips)
Seat 3: 721c1d0e (3,684 in chips)
Seat 4: b9ee39fe (70,167 in chips)
Seat 5: 154b6673 (20,560 in chips)
Seat 6: c49af493 (10,825 in chips)
Seat 7: 7bbfc66b (4,825 in chips)
Seat 8: 80816d7f (10,721 in chips)
80816d7f: posts the ante 50
b9ee39fe: posts the ante 50
154b6673: posts the ante 50
8bd85b7c: posts the ante 50
721c1d0e: posts the ante 50
7bbfc66b: posts the ante 50
c49af493: posts the ante 50
Hero: posts the ante 50
b9ee39fe: posts small blind 175
154b6673: posts big blind 350
*** HOLE CARDS ***
Dealt to 8bd85b7c 
Dealt to Hero [4h 3d]
Dealt to 721c1d0e 
Dealt to b9ee39fe 
Dealt to 154b6673 
Dealt to c49af493 
Dealt to 7bbfc66b 
Dealt to 80816d7f 
c49af493: folds
7bbfc66b: folds
80816d7f: raises 385 to 735
8bd85b7c: folds
Hero: folds
721c1d0e: folds
b9ee39fe: raises 1,540 to 2,275
154b6673: folds
80816d7f: calls 1,540
*** FLOP *** [6s 3c Qh]
b9ee39fe: checks
80816d7f: bets 1,750
b9ee39fe: calls 1,750
*** TURN *** [6s 3c Qh] [8s]
b9ee39fe: checks
80816d7f: checks
*** RIVER *** [6s 3c Qh 8s] [Jd]
b9ee39fe: bets 6,825
80816d7f: folds
Uncalled bet (6,825) returned to b9ee39fe
*** SHOWDOWN ***
b9ee39fe collected 8,800 from pot
*** SUMMARY ***
Total pot 8,800 | Rake 0 | Jackpot 0 | Bingo 0 | Fortune 0 | Tax 0
Board [6s 3c Qh 8s Jd]
Seat 1: 8bd85b7c folded before Flop
Seat 2: Hero folded before Flop
Seat 3: 721c1d0e (button) folded before Flop
Seat 4: b9ee39fe (small blind) won (8,800)
Seat 5: 154b6673 (big blind) folded before Flop
Seat 6: c49af493 folded before Flop
Seat 7: 7bbfc66b folded before Flop
Seat 8: 80816d7f folded on the River


Poker Hand #TM3577256117: Tournament #157957577, Bounty Hunters Big One $1.08 Hold'em No Limit - Level7(175/350) - 2024/08/13 18:44:09
Table '178' 8-max Seat #2 is the button
Seat 1: 8bd85b7c (39,409 in chips)
Seat 2: Hero (15,158 in chips)
Seat 3: 721c1d0e (3,909 in chips)
Seat 4: b9ee39fe (70,567 in chips)
Seat 5: 154b6673 (20,610 in chips)
Seat 6: c49af493 (9,950 in chips)
Seat 7: 7bbfc66b (4,875 in chips)
Seat 8: 80816d7f (10,771 in chips)
80816d7f: posts the ante 50
b9ee39fe: posts the ante 50
154b6673: posts the ante 50
8bd85b7c: posts the ante 50
721c1d0e: posts the ante 50
7bbfc66b: posts the ante 50
c49af493: posts the ante 50
Hero: posts the ante 50
721c1d0e: posts small blind 175
b9ee39fe: posts big blind 350
*** HOLE CARDS ***
Dealt to 8bd85b7c 
Dealt to Hero [7h 9s]
Dealt to 721c1d0e 
Dealt to b9ee39fe 
Dealt to 154b6673 
Dealt to c49af493 
Dealt to 7bbfc66b 
Dealt to 80816d7f 
154b6673: folds
c49af493: raises 5,150 to 5,500
7bbfc66b: folds
80816d7f: folds
8bd85b7c: folds
Hero: folds
721c1d0e: folds
b9ee39fe: folds
Uncalled bet (5,150) returned to c49af493
*** SHOWDOWN ***
c49af493 collected 1,275 from pot
*** SUMMARY ***
Total pot 1,275 | Rake 0 | Jackpot 0 | Bingo 0 | Fortune 0 | Tax 0
Seat 1: 8bd85b7c folded before Flop
Seat 2: Hero (button) folded before Flop
Seat 3: 721c1d0e (small blind) folded before Flop
Seat 4: b9ee39fe (big blind) folded before Flop
Seat 5: 154b6673 folded before Flop
Seat 6: c49af493 collected (1,275)
Seat 7: 7bbfc66b folded before Flop
Seat 8: 80816d7f folded before Flop


Poker Hand #TM3577256102: Tournament #157957577, Bounty Hunters Big One $1.08 Hold'em No Limit - Level7(175/350) - 2024/08/13 18:43:39
Table '178' 8-max Seat #1 is the button
Seat 1: 8bd85b7c (39,459 in chips)
Seat 2: Hero (15,383 in chips)
Seat 3: 721c1d0e (3,384 in chips)
Seat 4: b9ee39fe (70,617 in chips)
Seat 5: 154b6673 (20,660 in chips)
Seat 6: c49af493 (10,000 in chips)
Seat 7: 7bbfc66b (4,925 in chips)
Seat 8: 80816d7f (10,821 in chips)
80816d7f: posts the ante 50
b9ee39fe: posts the ante 50
154b6673: posts the ante 50
8bd85b7c: posts the ante 50
721c1d0e: posts the ante 50
7bbfc66b: posts the ante 50
c49af493: posts the ante 50
Hero: posts the ante 50
Hero: posts small blind 175
721c1d0e: posts big blind 350
*** HOLE CARDS ***
Dealt to 8bd85b7c 
Dealt to Hero [5d 3h]
Dealt to 721c1d0e 
Dealt to b9ee39fe 
Dealt to 154b6673 
Dealt to c49af493 
Dealt to 7bbfc66b 
Dealt to 80816d7f 
b9ee39fe: folds
154b6673: folds
c49af493: folds
7bbfc66b: folds
80816d7f: folds
8bd85b7c: folds
Hero: folds
Uncalled bet (175) returned to 721c1d0e
*** SHOWDOWN ***
721c1d0e collected 750 from pot
*** SUMMARY ***
Total pot 750 | Rake 0 | Jackpot 0 | Bingo 0 | Fortune 0 | Tax 0
Seat 1: 8bd85b7c (button) folded before Flop
Seat 2: Hero (small blind) folded before Flop
Seat 3: 721c1d0e (big blind) collected (750)
Seat 4: b9ee39fe folded before Flop
Seat 5: 154b6673 folded before Flop
Seat 6: c49af493 folded before Flop
Seat 7: 7bbfc66b folded before Flop
Seat 8: 80816d7f folded before Flop


Poker Hand #TM3577256077: Tournament #157957577, Bounty Hunters Big One $1.08 Hold'em No Limit - Level7(175/350) - 2024/08/13 18:42:50
Table '178' 8-max Seat #8 is the button
Seat 1: 8bd85b7c (39,684 in chips)
Seat 2: Hero (16,868 in chips)
Seat 3: 721c1d0e (3,434 in chips)
Seat 4: b9ee39fe (70,667 in chips)
Seat 5: 154b6673 (20,710 in chips)
Seat 7: 7bbfc66b (4,975 in chips)
Seat 8: 80816d7f (8,911 in chips)
80816d7f: posts the ante 50
b9ee39fe: posts the ante 50
154b6673: posts the ante 50
8bd85b7c: posts the ante 50
721c1d0e: posts the ante 50
7bbfc66b: posts the ante 50
Hero: posts the ante 50
8bd85b7c: posts small blind 175
Hero: posts big blind 350
*** HOLE CARDS ***
Dealt to 8bd85b7c 
Dealt to Hero [3h 8h]
Dealt to 721c1d0e 
Dealt to b9ee39fe 
Dealt to 154b6673 
Dealt to 7bbfc66b 
Dealt to 80816d7f 
721c1d0e: folds
b9ee39fe: folds
154b6673: folds
7bbfc66b: folds
80816d7f: raises 385 to 735
8bd85b7c: folds
Hero: calls 385
*** FLOP *** [8d As 4s]
Hero: checks
80816d7f: bets 700
Hero: calls 700
*** TURN *** [8d As 4s] [2s]
Hero: checks
80816d7f: bets 1,750
Hero: folds
Uncalled bet (1,750) returned to 80816d7f
80816d7f: shows [9c Kh] (Ace-High)
*** SHOWDOWN ***
80816d7f collected 3,395 from pot
*** SUMMARY ***
Total pot 3,395 | Rake 0 | Jackpot 0 | Bingo 0 | Fortune 0 | Tax 0
Board [8d As 4s 2s]
Seat 1: 8bd85b7c (small blind) folded before Flop
Seat 2: Hero (big blind) folded on the Turn
Seat 3: 721c1d0e folded before Flop
Seat 4: b9ee39fe folded before Flop
Seat 5: 154b6673 folded before Flop
Seat 7: 7bbfc66b folded before Flop
Seat 8: 80816d7f (button) showed [9c Kh] and won (3,395)


Poker Hand #TM3577256051: Tournament #157957577, Bounty Hunters Big One $1.08 Hold'em No Limit - Level7(175/350) - 2024/08/13 18:41:58
Table '178' 8-max Seat #7 is the button
Seat 1: 8bd85b7c (40,084 in chips)
Seat 2: Hero (17,618 in chips)
Seat 3: 721c1d0e (3,484 in chips)
Seat 4: b9ee39fe (54,642 in chips)
Seat 5: 154b6673 (20,760 in chips)
Seat 6: 79aa558 (14,500 in chips)
Seat 7: 7bbfc66b (5,025 in chips)
Seat 8: 80816d7f (9,136 in chips)
b9ee39fe: posts the ante 50
80816d7f: posts the ante 50
154b6673: posts the ante 50
8bd85b7c: posts the ante 50
721c1d0e: posts the ante 50
7bbfc66b: posts the ante 50
79aa558: posts the ante 50
Hero: posts the ante 50
80816d7f: posts small blind 175
8bd85b7c: posts big blind 350
*** HOLE CARDS ***
Dealt to 8bd85b7c 
Dealt to Hero [Js Qd]
Dealt to 721c1d0e 
Dealt to b9ee39fe 
Dealt to 154b6673 
Dealt to 79aa558 
Dealt to 7bbfc66b 
Dealt to 80816d7f 
Hero: raises 350 to 700
721c1d0e: folds
b9ee39fe: raises 1,400 to 2,100
154b6673: folds
79aa558: raises 12,350 to 14,450 and is all-in
7bbfc66b: folds
80816d7f: folds
8bd85b7c: folds
Hero: folds
b9ee39fe: calls 12,350
79aa558: shows [Kc Ac]
b9ee39fe: shows [Kh Ks]
*** FLOP *** [8h 3h Jc]
*** TURN *** [8h 3h Jc] [Ts]
*** RIVER *** [8h 3h Jc Ts] [9d]
Hero: shows [Qd] (Queens-High Straight)
*** SHOWDOWN ***
b9ee39fe collected 30,525 from pot
*** SUMMARY ***
Total pot 30,525 | Rake 0 | Jackpot 0 | Bingo 0 | Fortune 0 | Tax 0
Board [8h 3h Jc Ts 9d]
Seat 1: 8bd85b7c (big blind) folded before Flop
Seat 2: Hero folded before Flop
Seat 3: 721c1d0e folded before Flop
Seat 4: b9ee39fe showed [Kh Ks] and won (30,525) with Pair of Kings
Seat 5: 154b6673 folded before Flop
Seat 6: 79aa558 showed [Kc Ac] and lost with Ace-High
Seat 7: 7bbfc66b (button) folded before Flop
Seat 8: 80816d7f (small blind) folded before Flop


Poker Hand #TM3577256025: Tournament #157957577, Bounty Hunters Big One $1.08 Hold'em No Limit - Level7(175/350) - 2024/08/13 18:41:09
Table '178' 8-max Seat #6 is the button
Seat 1: 8bd85b7c (40,134 in chips)
Seat 2: Hero (18,368 in chips)
Seat 3: 721c1d0e (2,721 in chips)
Seat 4: b9ee39fe (54,692 in chips)
Seat 5: 154b6673 (19,998 in chips)
Seat 6: 79aa558 (14,550 in chips)
Seat 7: 7bbfc66b (5,250 in chips)
Seat 8: 80816d7f (9,536 in chips)
b9ee39fe: posts the ante 50
80816d7f: posts the ante 50
154b6673: posts the ante 50
8bd85b7c: posts the ante 50
721c1d0e: posts the ante 50
7bbfc66b: posts the ante 50
79aa558: posts the ante 50
Hero: posts the ante 50
7bbfc66b: posts small blind 175
80816d7f: posts big blind 350
*** HOLE CARDS ***
Dealt to 8bd85b7c 
Dealt to Hero [6d 4d]
Dealt to 721c1d0e 
Dealt to b9ee39fe 
Dealt to 154b6673 
Dealt to 79aa558 
Dealt to 7bbfc66b 
Dealt to 80816d7f 
8bd85b7c: folds
Hero: raises 350 to 700
721c1d0e: raises 1,971 to 2,671 and is all-in
b9ee39fe: folds
154b6673: raises 17,277 to 19,948 and is all-in
79aa558: folds
7bbfc66b: folds
80816d7f: folds
Hero: folds
Uncalled bet (17,277) returned to 154b6673
154b6673: shows [Jd Ac]
721c1d0e: shows [Ad Jc]
*** FLOP *** [5h Js 6s]
*** TURN *** [5h Js 6s] [As]
*** RIVER *** [5h Js 6s As] [2d]
*** SHOWDOWN ***
154b6673 collected 3,483 from pot
721c1d0e collected 3,484 from pot
*** SUMMARY ***
Total pot 6,967 | Rake 0 | Jackpot 0 | Bingo 0 | Fortune 0 | Tax 0
Board [5h Js 6s As 2d]
Seat 1: 8bd85b7c folded before Flop
Seat 2: Hero folded before Flop
Seat 3: 721c1d0e showed [Ad Jc] and won (3,484) with Pair of Aces and Pair of Jacks
Seat 4: b9ee39fe folded before Flop
Seat 5: 154b6673 showed [Jd Ac] and won (3,483) with Pair of Aces and Pair of Jacks
Seat 6: 79aa558 (button) folded before Flop
Seat 7: 7bbfc66b (small blind) folded before Flop
Seat 8: 80816d7f (big blind) folded before Flop


Poker Hand #TM3577255995: Tournament #157957577, Bounty Hunters Big One $1.08 Hold'em No Limit - Level7(175/350) - 2024/08/13 18:40:07
Table '178' 8-max Seat #5 is the button
Seat 1: 8bd85b7c (40,184 in chips)
Seat 2: Hero (11,409 in chips)
Seat 3: 721c1d0e (2,771 in chips)
Seat 4: b9ee39fe (54,742 in chips)
Seat 5: 154b6673 (20,048 in chips)
Seat 6: 79aa558 (9,500 in chips)
Seat 7: 7bbfc66b (5,650 in chips)
Seat 8: 80816d7f (20,945 in chips)
b9ee39fe: posts the ante 50
80816d7f: posts the ante 50
154b6673: posts the ante 50
8bd85b7c: posts the ante 50
721c1d0e: posts the ante 50
7bbfc66b: posts the ante 50
79aa558: posts the ante 50
Hero: posts the ante 50
79aa558: posts small blind 175
7bbfc66b: posts big blind 350
*** HOLE CARDS ***
Dealt to 8bd85b7c 
Dealt to Hero [As 9c]
Dealt to 721c1d0e 
Dealt to b9ee39fe 
Dealt to 154b6673 
Dealt to 79aa558 
Dealt to 7bbfc66b 
Dealt to 80816d7f 
80816d7f: raises 385 to 735
8bd85b7c: folds
Hero: raises 10,624 to 11,359 and is all-in
721c1d0e: folds
b9ee39fe: folds
154b6673: folds
79aa558: calls 9,275 and is all-in
7bbfc66b: folds
80816d7f: calls 10,624
Hero: shows [As 9c]
79aa558: shows [Ac 9s]
80816d7f: shows [7d 7h]
*** FLOP *** [Qs Qh Tc]
*** TURN *** [Qs Qh Tc] [Js]
*** RIVER *** [Qs Qh Tc Js] [9h]
*** SHOWDOWN ***
79aa558 collected 14,550 from pot
Hero collected 14,550 from pot
Hero collected 3,818 from pot
*** SUMMARY ***
Total pot 32,918 | Rake 0 | Jackpot 0 | Bingo 0 | Fortune 0 | Tax 0
Board [Qs Qh Tc Js 9h]
Seat 1: 8bd85b7c folded before Flop
Seat 2: Hero showed [As 9c] and won (18,368) with Pair of Queens and Pair of Nines
Seat 3: 721c1d0e folded before Flop
Seat 4: b9ee39fe folded before Flop
Seat 5: 154b6673 (button) folded before Flop
Seat 6: 79aa558 (small blind) showed [Ac 9s] and won (14,550) with Pair of Queens and Pair of Nines
Seat 7: 7bbfc66b (big blind) folded before Flop
Seat 8: 80816d7f showed [7d 7h] and lost with Pair of Queens and Pair of Sevens


Poker Hand #TM3577255977: Tournament #157957577, Bounty Hunters Big One $1.08 Hold'em No Limit - Level7(175/350) - 2024/08/13 18:39:38
Table '178' 8-max Seat #4 is the button
Seat 1: 8bd85b7c (40,234 in chips)
Seat 2: Hero (11,459 in chips)
Seat 3: 721c1d0e (2,821 in chips)
Seat 4: b9ee39fe (54,792 in chips)
Seat 5: 154b6673 (19,348 in chips)
Seat 6: 79aa558 (9,900 in chips)
Seat 7: 7bbfc66b (5,700 in chips)
Seat 8: 80816d7f (20,995 in chips)
b9ee39fe: posts the ante 50
80816d7f: posts the ante 50
154b6673: posts the ante 50
8bd85b7c: posts the ante 50
721c1d0e: posts the ante 50
7bbfc66b: posts the ante 50
79aa558: posts the ante 50
Hero: posts the ante 50
154b6673: posts small blind 175
79aa558: posts big blind 350
*** HOLE CARDS ***
Dealt to 8bd85b7c 
Dealt to Hero [2d 8c]
Dealt to 721c1d0e 
Dealt to b9ee39fe 
Dealt to 154b6673 
Dealt to 79aa558 
Dealt to 7bbfc66b 
Dealt to 80816d7f 
7bbfc66b: folds
80816d7f: folds
8bd85b7c: folds
Hero: folds
721c1d0e: folds
b9ee39fe: folds
154b6673: calls 175
79aa558: checks
*** FLOP *** [3d 4c Ks]
154b6673: bets 363
79aa558: folds
Uncalled bet (363) returned to 154b6673
*** SHOWDOWN ***
154b6673 collected 1,100 from pot
*** SUMMARY ***
Total pot 1,100 | Rake 0 | Jackpot 0 | Bingo 0 | Fortune 0 | Tax 0
Board [3d 4c Ks]
Seat 1: 8bd85b7c folded before Flop
Seat 2: Hero folded before Flop
Seat 3: 721c1d0e folded before Flop
Seat 4: b9ee39fe (button) folded before Flop
Seat 5: 154b6673 (small blind) won (1,100)
Seat 6: 79aa558 (big blind) folded on the Flop
Seat 7: 7bbfc66b folded before Flop
Seat 8: 80816d7f folded before Flop


Poker Hand #TM3577255943: Tournament #157957577, Bounty Hunters Big One $1.08 Hold'em No Limit - Level7(175/350) - 2024/08/13 18:38:30
Table '178' 8-max Seat #3 is the button
Seat 1: 8bd85b7c (40,284 in chips)
Seat 2: Hero (21,544 in chips)
Seat 3: 721c1d0e (2,871 in chips)
Seat 4: b9ee39fe (55,017 in chips)
Seat 5: 154b6673 (19,748 in chips)
Seat 6: 79aa558 (9,950 in chips)
Seat 7: 7bbfc66b (5,750 in chips)
Seat 8: 80816d7f (10,085 in chips)
80816d7f: posts the ante 50
b9ee39fe: posts the ante 50
154b6673: posts the ante 50
8bd85b7c: posts the ante 50
721c1d0e: posts the ante 50
7bbfc66b: posts the ante 50
79aa558: posts the ante 50
Hero: posts the ante 50
b9ee39fe: posts small blind 175
154b6673: posts big blind 350
*** HOLE CARDS ***
Dealt to 8bd85b7c 
Dealt to Hero [2s As]
Dealt to 721c1d0e 
Dealt to b9ee39fe 
Dealt to 154b6673 
Dealt to 79aa558 
Dealt to 7bbfc66b 
Dealt to 80816d7f 
79aa558: folds
7bbfc66b: folds
80816d7f: raises 385 to 735
8bd85b7c: folds
Hero: raises 1,797 to 2,532
721c1d0e: folds
b9ee39fe: folds
154b6673: folds
80816d7f: raises 7,503 to 10,035 and is all-in
Hero: calls 7,503
80816d7f: shows [Ad Qh]
Hero: shows [2s As]
*** FLOP *** [7c Ah 5h]
*** TURN *** [7c Ah 5h] [6h]
*** RIVER *** [7c Ah 5h 6h] [8d]
*** SHOWDOWN ***
80816d7f collected 20,995 from pot
*** SUMMARY ***
Total pot 20,995 | Rake 0 | Jackpot 0 | Bingo 0 | Fortune 0 | Tax 0
Board [7c Ah 5h 6h 8d]
Seat 1: 8bd85b7c folded before Flop
Seat 2: Hero showed [2s As] and lost with Pair of Aces
Seat 3: 721c1d0e (button) folded before Flop
Seat 4: b9ee39fe (small blind) folded before Flop
Seat 5: 154b6673 (big blind) folded before Flop
Seat 6: 79aa558 folded before Flop
Seat 7: 7bbfc66b folded before Flop
Seat 8: 80816d7f showed [Ad Qh] and won (20,995) with Pair of Aces


Poker Hand #TM3577255918: Tournament #157957577, Bounty Hunters Big One $1.08 Hold'em No Limit - Level7(175/350) - 2024/08/13 18:37:47
Table '178' 8-max Seat #2 is the button
Seat 1: 8bd85b7c (40,334 in chips)
Seat 2: Hero (10,447 in chips)
Seat 3: 721c1d0e (13,318 in chips)
Seat 4: b9ee39fe (55,417 in chips)
Seat 5: 154b6673 (19,798 in chips)
Seat 6: 79aa558 (10,000 in chips)
Seat 7: 7bbfc66b (5,800 in chips)
Seat 8: 80816d7f (10,135 in chips)
80816d7f: posts the ante 50
b9ee39fe: posts the ante 50
154b6673: posts the ante 50
8bd85b7c: posts the ante 50
721c1d0e: posts the ante 50
7bbfc66b: posts the ante 50
79aa558: posts the ante 50
Hero: posts the ante 50
721c1d0e: posts small blind 175
b9ee39fe: posts big blind 350
*** HOLE CARDS ***
Dealt to 8bd85b7c 
Dealt to Hero [Ac 8d]
Dealt to 721c1d0e 
Dealt to b9ee39fe 
Dealt to 154b6673 
Dealt to 79aa558 
Dealt to 7bbfc66b 
Dealt to 80816d7f 
154b6673: folds
79aa558: folds
7bbfc66b: folds
80816d7f: folds
8bd85b7c: folds
Hero: raises 10,047 to 10,397 and is all-in
721c1d0e: raises 2,871 to 13,268 and is all-in
b9ee39fe: folds
Uncalled bet (2,871) returned to 721c1d0e
721c1d0e: shows [As Qs]
Hero: shows [Ac 8d]
*** FLOP *** [8h 5c Jd]
*** TURN *** [8h 5c Jd] [2c]
*** RIVER *** [8h 5c Jd 2c] [7c]
*** SHOWDOWN ***
Hero collected 21,544 from pot
*** SUMMARY ***
Total pot 21,544 | Rake 0 | Jackpot 0 | Bingo 0 | Fortune 0 | Tax 0
Board [8h 5c Jd 2c 7c]
Seat 1: 8bd85b7c folded before Flop
Seat 2: Hero (button) showed [Ac 8d] and won (21,544) with Pair of Eights
Seat 3: 721c1d0e (small blind) showed [As Qs] and lost with Ace-High
Seat 4: b9ee39fe (big blind) folded before Flop
Seat 5: 154b6673 folded before Flop
Seat 6: 79aa558 folded before Flop
Seat 7: 7bbfc66b folded before Flop
Seat 8: 80816d7f folded before Flop


Poker Hand #TM3577255885: Tournament #157957577, Bounty Hunters Big One $1.08 Hold'em No Limit - Level6(150/300) - 2024/08/13 18:36:40
Table '178' 8-max Seat #1 is the button
Seat 1: 8bd85b7c (17,942 in chips)
Seat 2: Hero (28,389 in chips)
Seat 3: 721c1d0e (13,663 in chips)
Seat 4: b9ee39fe (55,462 in chips)
Seat 5: 154b6673 (19,843 in chips)
Seat 6: 91b016ff (3,925 in chips)
Seat 7: 7bbfc66b (5,845 in chips)
Seat 8: 80816d7f (10,180 in chips)
80816d7f: posts the ante 45
b9ee39fe: posts the ante 45
91b016ff: posts the ante 45
154b6673: posts the ante 45
8bd85b7c: posts the ante 45
721c1d0e: posts the ante 45
7bbfc66b: posts the ante 45
Hero: posts the ante 45
Hero: posts small blind 150
721c1d0e: posts big blind 300
*** HOLE CARDS ***
Dealt to 8bd85b7c 
Dealt to Hero [As Qd]
Dealt to 721c1d0e 
Dealt to b9ee39fe 
Dealt to 154b6673 
Dealt to 91b016ff 
Dealt to 7bbfc66b 
Dealt to 80816d7f 
b9ee39fe: folds
154b6673: folds
91b016ff: raises 3,580 to 3,880 and is all-in
7bbfc66b: folds
80816d7f: folds
8bd85b7c: calls 3,880
Hero: calls 3,730
721c1d0e: folds
*** FLOP *** [Td 4c Jc]
Hero: bets 6,150
8bd85b7c: raises 7,867 to 14,017 and is all-in
Hero: calls 7,867
8bd85b7c: shows [Ac Jd] (Pair of Jacks)
Hero: shows [As Qd] (Ace-High)
91b016ff: shows [9h 9d] (Pair of Nines)
*** TURN *** [Td 4c Jc] [3d]
*** RIVER *** [Td 4c Jc 3d] [8h]
*** SHOWDOWN ***
8bd85b7c collected 12,300 from pot
8bd85b7c collected 28,034 from pot
*** SUMMARY ***
Total pot 40,334 | Rake 0 | Jackpot 0 | Bingo 0 | Fortune 0 | Tax 0
Board [Td 4c Jc 3d 8h]
Seat 1: 8bd85b7c (button) showed [Ac Jd] and won (40,334) with Pair of Jacks
Seat 2: Hero (small blind) showed [As Qd] and lost with Ace-High
Seat 3: 721c1d0e (big blind) folded before Flop
Seat 4: b9ee39fe folded before Flop
Seat 5: 154b6673 folded before Flop
Seat 6: 91b016ff showed [9h 9d] and lost with Pair of Nines
Seat 7: 7bbfc66b folded before Flop
Seat 8: 80816d7f folded before Flop


Poker Hand #TM3577255833: Tournament #157957577, Bounty Hunters Big One $1.08 Hold'em No Limit - Level6(150/300) - 2024/08/13 18:35:01
Table '178' 8-max Seat #8 is the button
Seat 1: 8bd85b7c (18,137 in chips)
Seat 2: Hero (28,734 in chips)
Seat 3: 721c1d0e (13,708 in chips)
Seat 4: b9ee39fe (55,507 in chips)
Seat 5: 154b6673 (15,063 in chips)
Seat 6: 91b016ff (7,985 in chips)
Seat 7: 7bbfc66b (5,890 in chips)
Seat 8: 80816d7f (10,225 in chips)
80816d7f: posts the ante 45
b9ee39fe: posts the ante 45
91b016ff: posts the ante 45
154b6673: posts the ante 45
8bd85b7c: posts the ante 45
721c1d0e: posts the ante 45
7bbfc66b: posts the ante 45
Hero: posts the ante 45
8bd85b7c: posts small blind 150
Hero: posts big blind 300
*** HOLE CARDS ***
Dealt to 8bd85b7c 
Dealt to Hero [Qd 2h]
Dealt to 721c1d0e 
Dealt to b9ee39fe 
Dealt to 154b6673 
Dealt to 91b016ff 
Dealt to 7bbfc66b 
Dealt to 80816d7f 
721c1d0e: folds
b9ee39fe: folds
154b6673: raises 360 to 660
91b016ff: calls 660
7bbfc66b: folds
80816d7f: folds
8bd85b7c: folds
Hero: folds
*** FLOP *** [Qc 8s 7h]
154b6673: bets 703
91b016ff: calls 703
*** TURN *** [Qc 8s 7h] [Js]
154b6673: checks
91b016ff: checks
*** RIVER *** [Qc 8s 7h Js] [6d]
154b6673: bets 2,652
91b016ff: calls 2,652
154b6673: shows [6h 6s] (Three Sixes)
91b016ff: shows [8c Tc] (Pair of Eights)
*** SHOWDOWN ***
154b6673 collected 8,840 from pot
*** SUMMARY ***
Total pot 8,840 | Rake 0 | Jackpot 0 | Bingo 0 | Fortune 0 | Tax 0
Board [Qc 8s 7h Js 6d]
Seat 1: 8bd85b7c (small blind) folded before Flop
Seat 2: Hero (big blind) folded before Flop
Seat 3: 721c1d0e folded before Flop
Seat 4: b9ee39fe folded before Flop
Seat 5: 154b6673 showed [6h 6s] and won (8,840) with Three Sixes
Seat 6: 91b016ff showed [8c Tc] and lost with Pair of Eights
Seat 7: 7bbfc66b folded before Flop
Seat 8: 80816d7f (button) folded before Flop


Poker Hand #TM3577255819: Tournament #157957577, Bounty Hunters Big One $1.08 Hold'em No Limit - Level6(150/300) - 2024/08/13 18:34:20
Table '178' 8-max Seat #7 is the button
Seat 1: 8bd85b7c (18,482 in chips)
Seat 2: Hero (28,779 in chips)
Seat 3: 721c1d0e (13,753 in chips)
Seat 4: b9ee39fe (55,552 in chips)
Seat 5: 154b6673 (15,108 in chips)
Seat 6: 91b016ff (8,030 in chips)
Seat 7: 7bbfc66b (5,935 in chips)
Seat 8: 80816d7f (9,610 in chips)
b9ee39fe: posts the ante 45
80816d7f: posts the ante 45
91b016ff: posts the ante 45
154b6673: posts the ante 45
8bd85b7c: posts the ante 45
721c1d0e: posts the ante 45
7bbfc66b: posts the ante 45
Hero: posts the ante 45
80816d7f: posts small blind 150
8bd85b7c: posts big blind 300
*** HOLE CARDS ***
Dealt to 8bd85b7c 
Dealt to Hero [7s 5d]
Dealt to 721c1d0e 
Dealt to b9ee39fe 
Dealt to 154b6673 
Dealt to 91b016ff 
Dealt to 7bbfc66b 
Dealt to 80816d7f 
Hero: folds
721c1d0e: folds
b9ee39fe: folds
154b6673: folds
91b016ff: folds
7bbfc66b: folds
80816d7f: calls 150
8bd85b7c: checks
*** FLOP *** [8c 4h 5h]
80816d7f: bets 450
8bd85b7c: folds
Uncalled bet (450) returned to 80816d7f
*** SHOWDOWN ***
80816d7f collected 960 from pot
*** SUMMARY ***
Total pot 960 | Rake 0 | Jackpot 0 | Bingo 0 | Fortune 0 | Tax 0
Board [8c 4h 5h]
Seat 1: 8bd85b7c (big blind) folded on the Flop
Seat 2: Hero folded before Flop
Seat 3: 721c1d0e folded before Flop
Seat 4: b9ee39fe folded before Flop
Seat 5: 154b6673 folded before Flop
Seat 6: 91b016ff folded before Flop
Seat 7: 7bbfc66b (button) folded before Flop
Seat 8: 80816d7f (small blind) won (960)


Poker Hand #TM3577255803: Tournament #157957577, Bounty Hunters Big One $1.08 Hold'em No Limit - Level6(150/300) - 2024/08/13 18:33:54
Table '178' 8-max Seat #6 is the button
Seat 1: 8bd85b7c (18,527 in chips)
Seat 2: Hero (28,014 in chips)
Seat 3: 721c1d0e (13,798 in chips)
Seat 4: b9ee39fe (55,597 in chips)
Seat 5: 154b6673 (15,153 in chips)
Seat 6: 91b016ff (8,075 in chips)
Seat 7: 7bbfc66b (6,130 in chips)
Seat 8: 80816d7f (9,955 in chips)
b9ee39fe: posts the ante 45
80816d7f: posts the ante 45
91b016ff: posts the ante 45
154b6673: posts the ante 45
8bd85b7c: posts the ante 45
721c1d0e: posts the ante 45
7bbfc66b: posts the ante 45
Hero: posts the ante 45
7bbfc66b: posts small blind 150
80816d7f: posts big blind 300
*** HOLE CARDS ***
Dealt to 8bd85b7c 
Dealt to Hero [8d 6d]
Dealt to 721c1d0e 
Dealt to b9ee39fe 
Dealt to 154b6673 
Dealt to 91b016ff 
Dealt to 7bbfc66b 
Dealt to 80816d7f 
8bd85b7c: folds
Hero: raises 300 to 600
721c1d0e: folds
b9ee39fe: folds
154b6673: folds
91b016ff: folds
7bbfc66b: folds
80816d7f: folds
Uncalled bet (300) returned to Hero
*** SHOWDOWN ***
Hero collected 1,110 from pot
*** SUMMARY ***
Total pot 1,110 | Rake 0 | Jackpot 0 | Bingo 0 | Fortune 0 | Tax 0
Seat 1: 8bd85b7c folded before Flop
Seat 2: Hero collected (1,110)
Seat 3: 721c1d0e folded before Flop
Seat 4: b9ee39fe folded before Flop
Seat 5: 154b6673 folded before Flop
Seat 6: 91b016ff (button) folded before Flop
Seat 7: 7bbfc66b (small blind) folded before Flop
Seat 8: 80816d7f (big blind) folded before Flop


Poker Hand #TM3577255782: Tournament #157957577, Bounty Hunters Big One $1.08 Hold'em No Limit - Level6(150/300) - 2024/08/13 18:33:24
Table '178' 8-max Seat #5 is the button
Seat 1: 8bd85b7c (18,572 in chips)
Seat 2: Hero (28,059 in chips)
Seat 3: 721c1d0e (13,843 in chips)
Seat 4: b9ee39fe (55,642 in chips)
Seat 5: 154b6673 (15,198 in chips)
Seat 6: 91b016ff (7,460 in chips)
Seat 7: 7bbfc66b (6,475 in chips)
Seat 8: 80816d7f (10,000 in chips)
b9ee39fe: posts the ante 45
80816d7f: posts the ante 45
154b6673: posts the ante 45
91b016ff: posts the ante 45
8bd85b7c: posts the ante 45
721c1d0e: posts the ante 45
7bbfc66b: posts the ante 45
Hero: posts the ante 45
91b016ff: posts small blind 150
7bbfc66b: posts big blind 300
*** HOLE CARDS ***
Dealt to 8bd85b7c 
Dealt to Hero [Th 6d]
Dealt to 721c1d0e 
Dealt to b9ee39fe 
Dealt to 154b6673 
Dealt to 91b016ff 
Dealt to 7bbfc66b 
Dealt to 80816d7f 
80816d7f: folds
8bd85b7c: folds
Hero: folds
721c1d0e: folds
b9ee39fe: folds
154b6673: folds
91b016ff: calls 150
7bbfc66b: checks
*** FLOP *** [Js 2s Ac]
91b016ff: bets 300
7bbfc66b: folds
Uncalled bet (300) returned to 91b016ff
*** SHOWDOWN ***
91b016ff collected 960 from pot
*** SUMMARY ***
Total pot 960 | Rake 0 | Jackpot 0 | Bingo 0 | Fortune 0 | Tax 0
Board [Js 2s Ac]
Seat 1: 8bd85b7c folded before Flop
Seat 2: Hero folded before Flop
Seat 3: 721c1d0e folded before Flop
Seat 4: b9ee39fe folded before Flop
Seat 5: 154b6673 (button) folded before Flop
Seat 6: 91b016ff (small blind) won (960)
Seat 7: 7bbfc66b (big blind) folded on the Flop
Seat 8: 80816d7f folded before Flop


Poker Hand #TM3577255748: Tournament #157957577, Bounty Hunters Big One $1.08 Hold'em No Limit - Level6(150/300) - 2024/08/13 18:32:00
Table '178' 8-max Seat #4 is the button
Seat 1: 8bd85b7c (18,617 in chips)
Seat 2: Hero (28,404 in chips)
Seat 3: 721c1d0e (13,888 in chips)
Seat 4: b9ee39fe (59,200 in chips)
Seat 5: 154b6673 (10,815 in chips)
Seat 6: 91b016ff (7,805 in chips)
Seat 7: 7bbfc66b (6,520 in chips)
b9ee39fe: posts the ante 45
91b016ff: posts the ante 45
154b6673: posts the ante 45
8bd85b7c: posts the ante 45
721c1d0e: posts the ante 45
7bbfc66b: posts the ante 45
Hero: posts the ante 45
154b6673: posts small blind 150
91b016ff: posts big blind 300
*** HOLE CARDS ***
Dealt to 8bd85b7c 
Dealt to Hero [2h Kh]
Dealt to 721c1d0e 
Dealt to b9ee39fe 
Dealt to 154b6673 
Dealt to 91b016ff 
Dealt to 7bbfc66b 
7bbfc66b: folds
8bd85b7c: folds
Hero: calls 300
721c1d0e: folds
b9ee39fe: raises 683 to 983
154b6673: calls 833
91b016ff: folds
Hero: folds
*** FLOP *** [4d 8s Jc]
154b6673: checks
b9ee39fe: bets 951
154b6673: calls 951
*** TURN *** [4d 8s Jc] [9c]
154b6673: checks
b9ee39fe: bets 1,579
154b6673: raises 2,621 to 4,200
b9ee39fe: folds
Uncalled bet (2,621) returned to 154b6673
154b6673: shows [4c] (Pair of Fours)
*** SHOWDOWN ***
154b6673 collected 7,941 from pot
*** SUMMARY ***
Total pot 7,941 | Rake 0 | Jackpot 0 | Bingo 0 | Fortune 0 | Tax 0
Board [4d 8s Jc 9c]
Seat 1: 8bd85b7c folded before Flop
Seat 2: Hero folded before Flop
Seat 3: 721c1d0e folded before Flop
Seat 4: b9ee39fe (button) folded on the Turn
Seat 5: 154b6673 (small blind) showed [4c] and won (7,941)
Seat 6: 91b016ff (big blind) folded before Flop
Seat 7: 7bbfc66b folded before Flop


Poker Hand #TM3577255725: Tournament #157957577, Bounty Hunters Big One $1.08 Hold'em No Limit - Level6(150/300) - 2024/08/13 18:31:03
Table '178' 8-max Seat #2 is the button
Seat 1: 8bd85b7c (18,662 in chips)
Seat 2: Hero (28,449 in chips)
Seat 3: b460fd5d (8,140 in chips)
Seat 4: b9ee39fe (42,704 in chips)
Seat 5: 154b6673 (10,860 in chips)
Seat 6: 91b016ff (7,850 in chips)
Seat 7: 7bbfc66b (6,565 in chips)
Seat 8: 76e34dc (8,131 in chips)
b9ee39fe: posts the ante 45
91b016ff: posts the ante 45
154b6673: posts the ante 45
8bd85b7c: posts the ante 45
7bbfc66b: posts the ante 45
b460fd5d: posts the ante 45
76e34dc: posts the ante 45
Hero: posts the ante 45
b460fd5d: posts small blind 150
b9ee39fe: posts big blind 300
*** HOLE CARDS ***
Dealt to 8bd85b7c 
Dealt to Hero [Th 3h]
Dealt to b460fd5d 
Dealt to b9ee39fe 
Dealt to 154b6673 
Dealt to 91b016ff 
Dealt to 7bbfc66b 
Dealt to 76e34dc 
154b6673: folds
91b016ff: folds
7bbfc66b: folds
76e34dc: raises 7,786 to 8,086 and is all-in
8bd85b7c: folds
Hero: folds
b460fd5d: calls 7,936
b9ee39fe: calls 7,786
*** FLOP *** [7c Ks 7d]
b460fd5d: bets 9 and is all-in
b9ee39fe: calls 9
b460fd5d: shows [8h Kh] (Pair of Kings and Pair of Sevens)
b9ee39fe: shows [Kc Qc] (Pair of Kings and Pair of Sevens)
76e34dc: shows [3d Kd] (Pair of Kings and Pair of Sevens)
*** TURN *** [7c Ks 7d] [6s]
*** RIVER *** [7c Ks 7d 6s] [Ts]
*** SHOWDOWN ***
b9ee39fe collected 24,618 from pot
b9ee39fe collected 18 from pot
*** SUMMARY ***
Total pot 24,636 | Rake 0 | Jackpot 0 | Bingo 0 | Fortune 0 | Tax 0
Board [7c Ks 7d 6s Ts]
Seat 1: 8bd85b7c folded before Flop
Seat 2: Hero (button) folded before Flop
Seat 3: b460fd5d (small blind) showed [8h Kh] and lost with Pair of Kings and Pair of Sevens
Seat 4: b9ee39fe (big blind) showed [Kc Qc] and won (24,636) with Pair of Kings and Pair of Sevens
Seat 5: 154b6673 folded before Flop
Seat 6: 91b016ff folded before Flop
Seat 7: 7bbfc66b folded before Flop
Seat 8: 76e34dc showed [3d Kd] and lost with Pair of Kings and Pair of Sevens


Poker Hand #TM3577255693: Tournament #157957577, Bounty Hunters Big One $1.08 Hold'em No Limit - Level6(150/300) - 2024/08/13 18:30:08
Table '178' 8-max Seat #1 is the button
Seat 1: 8bd85b7c (14,968 in chips)
Seat 2: Hero (28,644 in chips)
Seat 3: b460fd5d (8,785 in chips)
Seat 4: b9ee39fe (42,749 in chips)
Seat 5: 154b6673 (10,905 in chips)
Seat 6: 91b016ff (7,895 in chips)
Seat 7: 7bbfc66b (6,610 in chips)
Seat 8: 76e34dc (10,805 in chips)
b9ee39fe: posts the ante 45
91b016ff: posts the ante 45
154b6673: posts the ante 45
8bd85b7c: posts the ante 45
7bbfc66b: posts the ante 45
b460fd5d: posts the ante 45
76e34dc: posts the ante 45
Hero: posts the ante 45
Hero: posts small blind 150
b460fd5d: posts big blind 300
*** HOLE CARDS ***
Dealt to 8bd85b7c 
Dealt to Hero [4c Jh]
Dealt to b460fd5d 
Dealt to b9ee39fe 
Dealt to 154b6673 
Dealt to 91b016ff 
Dealt to 7bbfc66b 
Dealt to 76e34dc 
b9ee39fe: folds
154b6673: folds
91b016ff: folds
7bbfc66b: folds
76e34dc: raises 300 to 600
8bd85b7c: calls 600
Hero: folds
b460fd5d: calls 300
*** FLOP *** [6d 8h 5c]
b460fd5d: checks
76e34dc: checks
8bd85b7c: bets 763
b460fd5d: folds
76e34dc: calls 763
*** TURN *** [6d 8h 5c] [Qs]
76e34dc: checks
8bd85b7c: bets 1,266
76e34dc: calls 1,266
*** RIVER *** [6d 8h 5c Qs] [8s]
76e34dc: checks
8bd85b7c: checks
76e34dc: shows [9s As] (Pair of Eights)
8bd85b7c: shows [Ah 6h] (Pair of Eights and Pair of Sixes)
*** SHOWDOWN ***
8bd85b7c collected 6,368 from pot
*** SUMMARY ***
Total pot 6,368 | Rake 0 | Jackpot 0 | Bingo 0 | Fortune 0 | Tax 0
Board [6d 8h 5c Qs 8s]
Seat 1: 8bd85b7c (button) showed [Ah 6h] and won (6,368) with Pair of Eights and Pair of Sixes
Seat 2: Hero (small blind) folded before Flop
Seat 3: b460fd5d (big blind) folded on the Flop
Seat 4: b9ee39fe folded before Flop
Seat 5: 154b6673 folded before Flop
Seat 6: 91b016ff folded before Flop
Seat 7: 7bbfc66b folded before Flop
Seat 8: 76e34dc showed [9s As] and lost with Pair of Eights


Poker Hand #TM3577255671: Tournament #157957577, Bounty Hunters Big One $1.08 Hold'em No Limit - Level6(150/300) - 2024/08/13 18:29:29
Table '178' 8-max Seat #8 is the button
Seat 1: 8bd85b7c (15,630 in chips)
Seat 2: Hero (27,712 in chips)
Seat 3: b460fd5d (8,830 in chips)
Seat 4: b9ee39fe (42,794 in chips)
Seat 5: 154b6673 (10,950 in chips)
Seat 6: 91b016ff (7,940 in chips)
Seat 7: 7bbfc66b (6,655 in chips)
Seat 8: 76e34dc (10,850 in chips)
b9ee39fe: posts the ante 45
91b016ff: posts the ante 45
154b6673: posts the ante 45
8bd85b7c: posts the ante 45
7bbfc66b: posts the ante 45
b460fd5d: posts the ante 45
76e34dc: posts the ante 45
Hero: posts the ante 45
8bd85b7c: posts small blind 150
Hero: posts big blind 300
*** HOLE CARDS ***
Dealt to 8bd85b7c 
Dealt to Hero [Ad 8s]
Dealt to b460fd5d 
Dealt to b9ee39fe 
Dealt to 154b6673 
Dealt to 91b016ff 
Dealt to 7bbfc66b 
Dealt to 76e34dc 
b460fd5d: folds
b9ee39fe: folds
154b6673: folds
91b016ff: folds
7bbfc66b: folds
76e34dc: folds
8bd85b7c: calls 150
Hero: checks
*** FLOP *** [4s Jd Js]
8bd85b7c: bets 317
Hero: calls 317
*** TURN *** [4s Jd Js] [4d]
8bd85b7c: checks
Hero: bets 1,594
8bd85b7c: folds
Uncalled bet (1,594) returned to Hero
*** SHOWDOWN ***
Hero collected 1,594 from pot
*** SUMMARY ***
Total pot 1,594 | Rake 0 | Jackpot 0 | Bingo 0 | Fortune 0 | Tax 0
Board [4s Jd Js 4d]
Seat 1: 8bd85b7c (small blind) folded on the Turn
Seat 2: Hero (big blind) won (1,594)
Seat 3: b460fd5d folded before Flop
Seat 4: b9ee39fe folded before Flop
Seat 5: 154b6673 folded before Flop
Seat 6: 91b016ff folded before Flop
Seat 7: 7bbfc66b folded before Flop
Seat 8: 76e34dc (button) folded before Flop


Poker Hand #TM3577255648: Tournament #157957577, Bounty Hunters Big One $1.08 Hold'em No Limit - Level6(150/300) - 2024/08/13 18:28:38
Table '178' 8-max Seat #7 is the button
Seat 1: 8bd85b7c (16,275 in chips)
Seat 2: Hero (27,757 in chips)
Seat 3: b460fd5d (8,875 in chips)
Seat 4: b9ee39fe (41,129 in chips)
Seat 5: 154b6673 (10,995 in chips)
Seat 6: 91b016ff (8,585 in chips)
Seat 7: 7bbfc66b (6,700 in chips)
Seat 8: 76e34dc (11,045 in chips)
b9ee39fe: posts the ante 45
91b016ff: posts the ante 45
154b6673: posts the ante 45
8bd85b7c: posts the ante 45
7bbfc66b: posts the ante 45
b460fd5d: posts the ante 45
76e34dc: posts the ante 45
Hero: posts the ante 45
76e34dc: posts small blind 150
8bd85b7c: posts big blind 300
*** HOLE CARDS ***
Dealt to 8bd85b7c 
Dealt to Hero [3d Jd]
Dealt to b460fd5d 
Dealt to b9ee39fe 
Dealt to 154b6673 
Dealt to 91b016ff 
Dealt to 7bbfc66b 
Dealt to 76e34dc 
Hero: folds
b460fd5d: folds
b9ee39fe: raises 300 to 600
154b6673: folds
91b016ff: calls 600
7bbfc66b: folds
76e34dc: folds
8bd85b7c: calls 300
*** FLOP *** [6s Tc 5d]
8bd85b7c: checks
b9ee39fe: bets 900
91b016ff: folds
8bd85b7c: folds
Uncalled bet (900) returned to b9ee39fe
*** SHOWDOWN ***
b9ee39fe collected 2,310 from pot
*** SUMMARY ***
Total pot 2,310 | Rake 0 | Jackpot 0 | Bingo 0 | Fortune 0 | Tax 0
Board [6s Tc 5d]
Seat 1: 8bd85b7c (big blind) folded on the Flop
Seat 2: Hero folded before Flop
Seat 3: b460fd5d folded before Flop
Seat 4: b9ee39fe won (2,310)
Seat 5: 154b6673 folded before Flop
Seat 6: 91b016ff folded on the Flop
Seat 7: 7bbfc66b (button) folded before Flop
Seat 8: 76e34dc (small blind) folded before Flop


Poker Hand #TM3577255637: Tournament #157957577, Bounty Hunters Big One $1.08 Hold'em No Limit - Level6(150/300) - 2024/08/13 18:28:13
Table '178' 8-max Seat #6 is the button
Seat 1: 8bd85b7c (16,320 in chips)
Seat 2: Hero (27,802 in chips)
Seat 3: b460fd5d (8,920 in chips)
Seat 4: b9ee39fe (41,174 in chips)
Seat 5: 154b6673 (11,040 in chips)
Seat 6: 91b016ff (8,630 in chips)
Seat 7: 7bbfc66b (6,895 in chips)
Seat 8: 76e34dc (10,580 in chips)
b9ee39fe: posts the ante 45
91b016ff: posts the ante 45
154b6673: posts the ante 45
8bd85b7c: posts the ante 45
7bbfc66b: posts the ante 45
b460fd5d: posts the ante 45
76e34dc: posts the ante 45
Hero: posts the ante 45
7bbfc66b: posts small blind 150
76e34dc: posts big blind 300
*** HOLE CARDS ***
Dealt to 8bd85b7c 
Dealt to Hero [As 5d]
Dealt to b460fd5d 
Dealt to b9ee39fe 
Dealt to 154b6673 
Dealt to 91b016ff 
Dealt to 7bbfc66b 
Dealt to 76e34dc 
8bd85b7c: folds
Hero: folds
b460fd5d: folds
b9ee39fe: folds
154b6673: folds
91b016ff: folds
7bbfc66b: folds
Uncalled bet (150) returned to 76e34dc
*** SHOWDOWN ***
76e34dc collected 660 from pot
*** SUMMARY ***
Total pot 660 | Rake 0 | Jackpot 0 | Bingo 0 | Fortune 0 | Tax 0
Seat 1: 8bd85b7c folded before Flop
Seat 2: Hero folded before Flop
Seat 3: b460fd5d folded before Flop
Seat 4: b9ee39fe folded before Flop
Seat 5: 154b6673 folded before Flop
Seat 6: 91b016ff (button) folded before Flop
Seat 7: 7bbfc66b (small blind) folded before Flop
Seat 8: 76e34dc (big blind) collected (660)


Poker Hand #TM3577255626: Tournament #157957577, Bounty Hunters Big One $1.08 Hold'em No Limit - Level6(150/300) - 2024/08/13 18:27:56
Table '178' 8-max Seat #5 is the button
Seat 1: 8bd85b7c (16,365 in chips)
Seat 2: Hero (27,847 in chips)
Seat 3: b460fd5d (8,965 in chips)
Seat 4: b9ee39fe (40,409 in chips)
Seat 5: 154b6673 (11,085 in chips)
Seat 6: 91b016ff (8,825 in chips)
Seat 7: 7bbfc66b (7,240 in chips)
Seat 8: 76e34dc (10,625 in chips)
b9ee39fe: posts the ante 45
154b6673: posts the ante 45
91b016ff: posts the ante 45
8bd85b7c: posts the ante 45
7bbfc66b: posts the ante 45
b460fd5d: posts the ante 45
76e34dc: posts the ante 45
Hero: posts the ante 45
91b016ff: posts small blind 150
7bbfc66b: posts big blind 300
*** HOLE CARDS ***
Dealt to 8bd85b7c 
Dealt to Hero [4c As]
Dealt to b460fd5d 
Dealt to b9ee39fe 
Dealt to 154b6673 
Dealt to 91b016ff 
Dealt to 7bbfc66b 
Dealt to 76e34dc 
76e34dc: folds
8bd85b7c: folds
Hero: folds
b460fd5d: folds
b9ee39fe: raises 300 to 600
154b6673: folds
91b016ff: folds
7bbfc66b: folds
Uncalled bet (300) returned to b9ee39fe
*** SHOWDOWN ***
b9ee39fe collected 1,110 from pot
*** SUMMARY ***
Total pot 1,110 | Rake 0 | Jackpot 0 | Bingo 0 | Fortune 0 | Tax 0
Seat 1: 8bd85b7c folded before Flop
Seat 2: Hero folded before Flop
Seat 3: b460fd5d folded before Flop
Seat 4: b9ee39fe collected (1,110)
Seat 5: 154b6673 (button) folded before Flop
Seat 6: 91b016ff (small blind) folded before Flop
Seat 7: 7bbfc66b (big blind) folded before Flop
Seat 8: 76e34dc folded before Flop


Poker Hand #TM3577255593: Tournament #157957577, Bounty Hunters Big One $1.08 Hold'em No Limit - Level5(125/250) - 2024/08/13 18:26:56
Table '178' 8-max Seat #4 is the button
Seat 1: 8bd85b7c (13,995 in chips)
Seat 2: Hero (27,882 in chips)
Seat 3: b460fd5d (10,000 in chips)
Seat 4: b9ee39fe (40,444 in chips)
Seat 5: 154b6673 (11,245 in chips)
Seat 6: 91b016ff (9,860 in chips)
Seat 7: 7bbfc66b (7,275 in chips)
Seat 8: 76e34dc (10,660 in chips)
b9ee39fe: posts the ante 35
91b016ff: posts the ante 35
154b6673: posts the ante 35
8bd85b7c: posts the ante 35
7bbfc66b: posts the ante 35
b460fd5d: posts the ante 35
76e34dc: posts the ante 35
Hero: posts the ante 35
154b6673: posts small blind 125
91b016ff: posts big blind 250
*** HOLE CARDS ***
Dealt to 8bd85b7c 
Dealt to Hero [2h 7s]
Dealt to b460fd5d 
Dealt to b9ee39fe 
Dealt to 154b6673 
Dealt to 91b016ff 
Dealt to 7bbfc66b 
Dealt to 76e34dc 
7bbfc66b: folds
76e34dc: folds
8bd85b7c: calls 250
Hero: folds
b460fd5d: raises 750 to 1,000
b9ee39fe: folds
154b6673: folds
91b016ff: calls 750
8bd85b7c: calls 750
*** FLOP *** [As 6c Th]
91b016ff: checks
8bd85b7c: checks
b460fd5d: checks
*** TURN *** [As 6c Th] [Jc]
91b016ff: checks
8bd85b7c: bets 3,405
b460fd5d: folds
91b016ff: folds
Uncalled bet (3,405) returned to 8bd85b7c
*** SHOWDOWN ***
8bd85b7c collected 3,405 from pot
*** SUMMARY ***
Total pot 3,405 | Rake 0 | Jackpot 0 | Bingo 0 | Fortune 0 | Tax 0
Board [As 6c Th Jc]
Seat 1: 8bd85b7c won (3,405)
Seat 2: Hero folded before Flop
Seat 3: b460fd5d folded on the Turn
Seat 4: b9ee39fe (button) folded before Flop
Seat 5: 154b6673 (small blind) folded before Flop
Seat 6: 91b016ff (big blind) folded on the Turn
Seat 7: 7bbfc66b folded before Flop
Seat 8: 76e34dc folded before Flop


Poker Hand #TM3577255571: Tournament #157957577, Bounty Hunters Big One $1.08 Hold'em No Limit - Level5(125/250) - 2024/08/13 18:26:05
Table '178' 8-max Seat #2 is the button
Seat 1: 8bd85b7c (14,030 in chips)
Seat 2: Hero (27,917 in chips)
Seat 4: b9ee39fe (41,229 in chips)
Seat 5: 154b6673 (10,285 in chips)
Seat 6: 91b016ff (9,895 in chips)
Seat 7: 7bbfc66b (7,310 in chips)
Seat 8: 76e34dc (10,695 in chips)
b9ee39fe: posts the ante 35
91b016ff: posts the ante 35
154b6673: posts the ante 35
8bd85b7c: posts the ante 35
7bbfc66b: posts the ante 35
76e34dc: posts the ante 35
Hero: posts the ante 35
b9ee39fe: posts small blind 125
154b6673: posts big blind 250
*** HOLE CARDS ***
Dealt to 8bd85b7c 
Dealt to Hero [Jh 2c]
Dealt to b9ee39fe 
Dealt to 154b6673 
Dealt to 91b016ff 
Dealt to 7bbfc66b 
Dealt to 76e34dc 
91b016ff: folds
7bbfc66b: folds
76e34dc: folds
8bd85b7c: folds
Hero: folds
b9ee39fe: raises 500 to 750
154b6673: raises 9,500 to 10,250 and is all-in
b9ee39fe: folds
Uncalled bet (9,500) returned to 154b6673
*** SHOWDOWN ***
154b6673 collected 1,745 from pot
*** SUMMARY ***
Total pot 1,745 | Rake 0 | Jackpot 0 | Bingo 0 | Fortune 0 | Tax 0
Seat 1: 8bd85b7c folded before Flop
Seat 2: Hero (button) folded before Flop
Seat 4: b9ee39fe (small blind) folded before Flop
Seat 5: 154b6673 (big blind) collected (1,745)
Seat 6: 91b016ff folded before Flop
Seat 7: 7bbfc66b folded before Flop
Seat 8: 76e34dc folded before Flop


Poker Hand #TM3577255546: Tournament #157957577, Bounty Hunters Big One $1.08 Hold'em No Limit - Level5(125/250) - 2024/08/13 18:25:22
Table '178' 8-max Seat #1 is the button
Seat 1: 8bd85b7c (14,315 in chips)
Seat 2: Hero (28,202 in chips)
Seat 4: b9ee39fe (40,519 in chips)
Seat 5: 154b6673 (10,320 in chips)
Seat 6: 91b016ff (9,930 in chips)
Seat 7: 7bbfc66b (7,345 in chips)
Seat 8: 76e34dc (10,730 in chips)
b9ee39fe: posts the ante 35
91b016ff: posts the ante 35
154b6673: posts the ante 35
8bd85b7c: posts the ante 35
7bbfc66b: posts the ante 35
76e34dc: posts the ante 35
Hero: posts the ante 35
Hero: posts small blind 125
b9ee39fe: posts big blind 250
*** HOLE CARDS ***
Dealt to 8bd85b7c 
Dealt to Hero [Qc 9s]
Dealt to b9ee39fe 
Dealt to 154b6673 
Dealt to 91b016ff 
Dealt to 7bbfc66b 
Dealt to 76e34dc 
154b6673: folds
91b016ff: folds
7bbfc66b: folds
76e34dc: folds
8bd85b7c: calls 250
Hero: calls 125
b9ee39fe: checks
*** FLOP *** [8s 6c 3c]
Hero: checks
b9ee39fe: bets 329
8bd85b7c: folds
Hero: folds
Uncalled bet (329) returned to b9ee39fe
*** SHOWDOWN ***
b9ee39fe collected 995 from pot
*** SUMMARY ***
Total pot 995 | Rake 0 | Jackpot 0 | Bingo 0 | Fortune 0 | Tax 0
Board [8s 6c 3c]
Seat 1: 8bd85b7c (button) folded on the Flop
Seat 2: Hero (small blind) folded on the Flop
Seat 4: b9ee39fe (big blind) won (995)
Seat 5: 154b6673 folded before Flop
Seat 6: 91b016ff folded before Flop
Seat 7: 7bbfc66b folded before Flop
Seat 8: 76e34dc folded before Flop


Poker Hand #TM3577255535: Tournament #157957577, Bounty Hunters Big One $1.08 Hold'em No Limit - Level5(125/250) - 2024/08/13 18:24:55
Table '178' 8-max Seat #8 is the button
Seat 1: 8bd85b7c (14,475 in chips)
Seat 2: Hero (27,867 in chips)
Seat 4: b9ee39fe (40,554 in chips)
Seat 5: 154b6673 (10,355 in chips)
Seat 6: 91b016ff (9,965 in chips)
Seat 7: 7bbfc66b (7,380 in chips)
Seat 8: 76e34dc (10,765 in chips)
b9ee39fe: posts the ante 35
91b016ff: posts the ante 35
154b6673: posts the ante 35
8bd85b7c: posts the ante 35
7bbfc66b: posts the ante 35
76e34dc: posts the ante 35
Hero: posts the ante 35
8bd85b7c: posts small blind 125
Hero: posts big blind 250
*** HOLE CARDS ***
Dealt to 8bd85b7c 
Dealt to Hero [7h Qc]
Dealt to b9ee39fe 
Dealt to 154b6673 
Dealt to 91b016ff 
Dealt to 7bbfc66b 
Dealt to 76e34dc 
b9ee39fe: folds
154b6673: folds
91b016ff: folds
7bbfc66b: folds
76e34dc: folds
8bd85b7c: folds
Uncalled bet (125) returned to Hero
*** SHOWDOWN ***
Hero collected 495 from pot
*** SUMMARY ***
Total pot 495 | Rake 0 | Jackpot 0 | Bingo 0 | Fortune 0 | Tax 0
Seat 1: 8bd85b7c (small blind) folded before Flop
Seat 2: Hero (big blind) collected (495)
Seat 4: b9ee39fe folded before Flop
Seat 5: 154b6673 folded before Flop
Seat 6: 91b016ff folded before Flop
Seat 7: 7bbfc66b folded before Flop
Seat 8: 76e34dc (button) folded before Flop


Poker Hand #TM3577255526: Tournament #157957577, Bounty Hunters Big One $1.08 Hold'em No Limit - Level5(125/250) - 2024/08/13 18:24:40
Table '178' 8-max Seat #7 is the button
Seat 1: 8bd85b7c (14,140 in chips)
Seat 2: Hero (27,902 in chips)
Seat 4: b9ee39fe (40,589 in chips)
Seat 5: 154b6673 (10,390 in chips)
Seat 6: 91b016ff (10,000 in chips)
Seat 7: 7bbfc66b (7,415 in chips)
Seat 8: 76e34dc (10,925 in chips)
b9ee39fe: posts the ante 35
91b016ff: posts the ante 35
154b6673: posts the ante 35
8bd85b7c: posts the ante 35
7bbfc66b: posts the ante 35
76e34dc: posts the ante 35
Hero: posts the ante 35
76e34dc: posts small blind 125
8bd85b7c: posts big blind 250
*** HOLE CARDS ***
Dealt to 8bd85b7c 
Dealt to Hero [Kc 5c]
Dealt to b9ee39fe 
Dealt to 154b6673 
Dealt to 91b016ff 
Dealt to 7bbfc66b 
Dealt to 76e34dc 
Hero: folds
b9ee39fe: folds
154b6673: folds
91b016ff: folds
7bbfc66b: folds
76e34dc: folds
Uncalled bet (125) returned to 8bd85b7c
*** SHOWDOWN ***
8bd85b7c collected 495 from pot
*** SUMMARY ***
Total pot 495 | Rake 0 | Jackpot 0 | Bingo 0 | Fortune 0 | Tax 0
Seat 1: 8bd85b7c (big blind) collected (495)
Seat 2: Hero folded before Flop
Seat 4: b9ee39fe folded before Flop
Seat 5: 154b6673 folded before Flop
Seat 6: 91b016ff folded before Flop
Seat 7: 7bbfc66b (button) folded before Flop
Seat 8: 76e34dc (small blind) folded before Flop


Poker Hand #TM3577255489: Tournament #157957577, Bounty Hunters Big One $1.08 Hold'em No Limit - Level5(125/250) - 2024/08/13 18:23:27
Table '178' 8-max Seat #5 is the button
Seat 1: 8bd85b7c (14,175 in chips)
Seat 2: Hero (27,937 in chips)
Seat 3: e5c45aab (14,178 in chips)
Seat 4: b9ee39fe (25,861 in chips)
Seat 5: 154b6673 (10,425 in chips)
Seat 7: 7bbfc66b (7,575 in chips)
Seat 8: 76e34dc (11,210 in chips)
b9ee39fe: posts the ante 35
154b6673: posts the ante 35
8bd85b7c: posts the ante 35
7bbfc66b: posts the ante 35
e5c45aab: posts the ante 35
76e34dc: posts the ante 35
Hero: posts the ante 35
7bbfc66b: posts small blind 125
76e34dc: posts big blind 250
*** HOLE CARDS ***
Dealt to 8bd85b7c 
Dealt to Hero [2d 6s]
Dealt to e5c45aab 
Dealt to b9ee39fe 
Dealt to 154b6673 
Dealt to 7bbfc66b 
Dealt to 76e34dc 
8bd85b7c: folds
Hero: folds
e5c45aab: raises 250 to 500
b9ee39fe: raises 1,215 to 1,715
154b6673: folds
7bbfc66b: folds
76e34dc: folds
e5c45aab: raises 12,428 to 14,143 and is all-in
b9ee39fe: calls 12,428
e5c45aab: shows [Qs Kd]
b9ee39fe: shows [Qh Ad]
*** FLOP *** [9h 6h 8d]
*** TURN *** [9h 6h 8d] [5s]
*** RIVER *** [9h 6h 8d 5s] [8c]
*** SHOWDOWN ***
b9ee39fe collected 28,906 from pot
*** SUMMARY ***
Total pot 28,906 | Rake 0 | Jackpot 0 | Bingo 0 | Fortune 0 | Tax 0
Board [9h 6h 8d 5s 8c]
Seat 1: 8bd85b7c folded before Flop
Seat 2: Hero folded before Flop
Seat 3: e5c45aab showed [Qs Kd] and lost with Pair of Eights
Seat 4: b9ee39fe showed [Qh Ad] and won (28,906) with Pair of Eights
Seat 5: 154b6673 (button) folded before Flop
Seat 7: 7bbfc66b (small blind) folded before Flop
Seat 8: 76e34dc (big blind) folded before Flop


Poker Hand #TM3577255468: Tournament #157957577, Bounty Hunters Big One $1.08 Hold'em No Limit - Level5(125/250) - 2024/08/13 18:22:36
Table '178' 8-max Seat #4 is the button
Seat 1: 8bd85b7c (14,210 in chips)
Seat 2: Hero (27,352 in chips)
Seat 3: e5c45aab (14,213 in chips)
Seat 4: b9ee39fe (25,896 in chips)
Seat 5: 154b6673 (10,585 in chips)
Seat 7: 7bbfc66b (7,860 in chips)
Seat 8: 76e34dc (11,245 in chips)
b9ee39fe: posts the ante 35
154b6673: posts the ante 35
8bd85b7c: posts the ante 35
7bbfc66b: posts the ante 35
e5c45aab: posts the ante 35
76e34dc: posts the ante 35
Hero: posts the ante 35
154b6673: posts small blind 125
7bbfc66b: posts big blind 250
*** HOLE CARDS ***
Dealt to 8bd85b7c 
Dealt to Hero [Js 7s]
Dealt to e5c45aab 
Dealt to b9ee39fe 
Dealt to 154b6673 
Dealt to 7bbfc66b 
Dealt to 76e34dc 
76e34dc: folds
8bd85b7c: folds
Hero: calls 250
e5c45aab: folds
b9ee39fe: folds
154b6673: folds
7bbfc66b: checks
*** FLOP *** [As 6s Th]
7bbfc66b: checks
Hero: bets 288
7bbfc66b: folds
Uncalled bet (288) returned to Hero
*** SHOWDOWN ***
Hero collected 870 from pot
*** SUMMARY ***
Total pot 870 | Rake 0 | Jackpot 0 | Bingo 0 | Fortune 0 | Tax 0
Board [As 6s Th]
Seat 1: 8bd85b7c folded before Flop
Seat 2: Hero won (870)
Seat 3: e5c45aab folded before Flop
Seat 4: b9ee39fe (button) folded before Flop
Seat 5: 154b6673 (small blind) folded before Flop
Seat 7: 7bbfc66b (big blind) folded on the Flop
Seat 8: 76e34dc folded before Flop


Poker Hand #TM3577255442: Tournament #157957577, Bounty Hunters Big One $1.08 Hold'em No Limit - Level5(125/250) - 2024/08/13 18:21:43
Table '178' 8-max Seat #3 is the button
Seat 1: 8bd85b7c (14,245 in chips)
Seat 2: Hero (27,637 in chips)
Seat 3: e5c45aab (14,248 in chips)
Seat 4: b9ee39fe (26,056 in chips)
Seat 5: 154b6673 (9,965 in chips)
Seat 6: c032815a (18,674 in chips)
Seat 7: 7bbfc66b (7,895 in chips)
Seat 8: 76e34dc (11,280 in chips)
b9ee39fe: posts the ante 35
154b6673: posts the ante 35
8bd85b7c: posts the ante 35
7bbfc66b: posts the ante 35
e5c45aab: posts the ante 35
76e34dc: posts the ante 35
c032815a: posts the ante 35
Hero: posts the ante 35
b9ee39fe: posts small blind 125
154b6673: posts big blind 250
*** HOLE CARDS ***
Dealt to 8bd85b7c 
Dealt to Hero [9c Kh]
Dealt to e5c45aab 
Dealt to b9ee39fe 
Dealt to 154b6673 
Dealt to c032815a 
Dealt to 7bbfc66b 
Dealt to 76e34dc 
c032815a: folds
7bbfc66b: folds
76e34dc: folds
8bd85b7c: folds
Hero: calls 250
e5c45aab: folds
b9ee39fe: folds
154b6673: raises 9,680 to 9,930 and is all-in
Hero: folds
Uncalled bet (9,680) returned to 154b6673
*** SHOWDOWN ***
154b6673 collected 905 from pot
*** SUMMARY ***
Total pot 905 | Rake 0 | Jackpot 0 | Bingo 0 | Fortune 0 | Tax 0
Seat 1: 8bd85b7c folded before Flop
Seat 2: Hero folded before Flop
Seat 3: e5c45aab (button) folded before Flop
Seat 4: b9ee39fe (small blind) folded before Flop
Seat 5: 154b6673 (big blind) collected (905)
Seat 6: c032815a folded before Flop
Seat 7: 7bbfc66b folded before Flop
Seat 8: 76e34dc folded before Flop


Poker Hand #TM3577255420: Tournament #157957577, Bounty Hunters Big One $1.08 Hold'em No Limit - Level5(125/250) - 2024/08/13 18:21:00
Table '178' 8-max Seat #2 is the button
Seat 1: 8bd85b7c (14,280 in chips)
Seat 2: Hero (27,672 in chips)
Seat 3: e5c45aab (14,408 in chips)
Seat 4: b9ee39fe (26,341 in chips)
Seat 5: 154b6673 (10,000 in chips)
Seat 6: c032815a (19,209 in chips)
Seat 7: 7bbfc66b (7,930 in chips)
Seat 8: 76e34dc (10,160 in chips)
b9ee39fe: posts the ante 35
154b6673: posts the ante 35
8bd85b7c: posts the ante 35
7bbfc66b: posts the ante 35
e5c45aab: posts the ante 35
76e34dc: posts the ante 35
c032815a: posts the ante 35
Hero: posts the ante 35
e5c45aab: posts small blind 125
b9ee39fe: posts big blind 250
*** HOLE CARDS ***
Dealt to 8bd85b7c 
Dealt to Hero [Ks 6c]
Dealt to e5c45aab 
Dealt to b9ee39fe 
Dealt to 154b6673 
Dealt to c032815a 
Dealt to 7bbfc66b 
Dealt to 76e34dc 
154b6673: folds
c032815a: raises 250 to 500
7bbfc66b: folds
76e34dc: raises 9,625 to 10,125 and is all-in
8bd85b7c: folds
Hero: folds
e5c45aab: folds
b9ee39fe: folds
c032815a: folds
Uncalled bet (9,625) returned to 76e34dc
*** SHOWDOWN ***
76e34dc collected 1,655 from pot
*** SUMMARY ***
Total pot 1,655 | Rake 0 | Jackpot 0 | Bingo 0 | Fortune 0 | Tax 0
Seat 1: 8bd85b7c folded before Flop
Seat 2: Hero (button) folded before Flop
Seat 3: e5c45aab (small blind) folded before Flop
Seat 4: b9ee39fe (big blind) folded before Flop
Seat 5: 154b6673 folded before Flop
Seat 6: c032815a folded before Flop
Seat 7: 7bbfc66b folded before Flop
Seat 8: 76e34dc collected (1,655)


Poker Hand #TM3577255384: Tournament #157957577, Bounty Hunters Big One $1.08 Hold'em No Limit - Level5(125/250) - 2024/08/13 18:19:47
Table '178' 8-max Seat #1 is the button
Seat 1: 8bd85b7c (14,815 in chips)
Seat 2: Hero (28,207 in chips)
Seat 3: e5c45aab (14,943 in chips)
Seat 4: b9ee39fe (24,631 in chips)
Seat 6: c032815a (19,244 in chips)
Seat 7: 7bbfc66b (7,965 in chips)
Seat 8: 76e34dc (10,195 in chips)
b9ee39fe: posts the ante 35
8bd85b7c: posts the ante 35
7bbfc66b: posts the ante 35
e5c45aab: posts the ante 35
76e34dc: posts the ante 35
c032815a: posts the ante 35
Hero: posts the ante 35
Hero: posts small blind 125
e5c45aab: posts big blind 250
*** HOLE CARDS ***
Dealt to 8bd85b7c 
Dealt to Hero [Tc 9d]
Dealt to e5c45aab 
Dealt to b9ee39fe 
Dealt to c032815a 
Dealt to 7bbfc66b 
Dealt to 76e34dc 
b9ee39fe: raises 250 to 500
c032815a: folds
7bbfc66b: folds
76e34dc: folds
8bd85b7c: calls 500
Hero: calls 375
e5c45aab: calls 250
*** FLOP *** [6d 8s As]
Hero: checks
e5c45aab: checks
b9ee39fe: bets 741
8bd85b7c: folds
Hero: folds
e5c45aab: folds
Uncalled bet (741) returned to b9ee39fe
*** SHOWDOWN ***
b9ee39fe collected 2,245 from pot
*** SUMMARY ***
Total pot 2,245 | Rake 0 | Jackpot 0 | Bingo 0 | Fortune 0 | Tax 0
Board [6d 8s As]
Seat 1: 8bd85b7c (button) folded on the Flop
Seat 2: Hero (small blind) folded on the Flop
Seat 3: e5c45aab (big blind) folded on the Flop
Seat 4: b9ee39fe won (2,245)
Seat 6: c032815a folded before Flop
Seat 7: 7bbfc66b folded before Flop
Seat 8: 76e34dc folded before Flop


Poker Hand #TM3577255337: Tournament #157957577, Bounty Hunters Big One $1.08 Hold'em No Limit - Level5(125/250) - 2024/08/13 18:18:11
Table '178' 8-max Seat #8 is the button
Seat 1: 8bd85b7c (14,975 in chips)
Seat 2: Hero (28,742 in chips)
Seat 3: e5c45aab (14,978 in chips)
Seat 4: b9ee39fe (25,166 in chips)
Seat 5: 1585f7ef (5,497 in chips)
Seat 6: c032815a (11,912 in chips)
Seat 7: 7bbfc66b (8,500 in chips)
Seat 8: 76e34dc (10,230 in chips)
1585f7ef: posts the ante 35
b9ee39fe: posts the ante 35
8bd85b7c: posts the ante 35
7bbfc66b: posts the ante 35
e5c45aab: posts the ante 35
76e34dc: posts the ante 35
c032815a: posts the ante 35
Hero: posts the ante 35
8bd85b7c: posts small blind 125
Hero: posts big blind 250
*** HOLE CARDS ***
Dealt to 8bd85b7c 
Dealt to Hero [9c 7s]
Dealt to e5c45aab 
Dealt to b9ee39fe 
Dealt to 1585f7ef 
Dealt to c032815a 
Dealt to 7bbfc66b 
Dealt to 76e34dc 
e5c45aab: folds
b9ee39fe: raises 250 to 500
1585f7ef: calls 500
c032815a: calls 500
7bbfc66b: calls 500
76e34dc: folds
8bd85b7c: folds
Hero: calls 250
*** FLOP *** [5h Ts Td]
Hero: checks
b9ee39fe: checks
1585f7ef: checks
c032815a: checks
7bbfc66b: checks
*** TURN *** [5h Ts Td] [2d]
Hero: checks
b9ee39fe: checks
1585f7ef: bets 2,615
c032815a: raises 8,135 to 10,750
7bbfc66b: folds
Hero: folds
b9ee39fe: folds
1585f7ef: calls 2,347 and is all-in
Uncalled bet (5,788) returned to c032815a
c032815a: shows [Js Jh] (Pair of Jacks and Pair of Tens)
1585f7ef: shows [8c 5c] (Pair of Tens and Pair of Fives)
*** RIVER *** [5h Ts Td 2d] [Tc]
*** SHOWDOWN ***
c032815a collected 12,829 from pot
*** SUMMARY ***
Total pot 12,829 | Rake 0 | Jackpot 0 | Bingo 0 | Fortune 0 | Tax 0
Board [5h Ts Td 2d Tc]
Seat 1: 8bd85b7c (small blind) folded before Flop
Seat 2: Hero (big blind) folded on the Turn
Seat 3: e5c45aab folded before Flop
Seat 4: b9ee39fe folded on the Turn
Seat 5: 1585f7ef showed [8c 5c] and lost with Tens Full over Fives
Seat 6: c032815a showed [Js Jh] and won (12,829) with Tens Full over Jacks
Seat 7: 7bbfc66b folded on the Turn
Seat 8: 76e34dc (button) folded before Flop


Poker Hand #TM3577255298: Tournament #157957577, Bounty Hunters Big One $1.08 Hold'em No Limit - Level4(100/200) - 2024/08/13 18:16:47
Table '178' 8-max Seat #7 is the button
Seat 1: 8bd85b7c (15,405 in chips)
Seat 2: Hero (28,772 in chips)
Seat 3: e5c45aab (15,008 in chips)
Seat 4: b9ee39fe (25,196 in chips)
Seat 5: 1585f7ef (9,970 in chips)
Seat 6: c032815a (6,759 in chips)
Seat 7: 7bbfc66b (8,530 in chips)
Seat 8: 76e34dc (10,360 in chips)
1585f7ef: posts the ante 30
b9ee39fe: posts the ante 30
8bd85b7c: posts the ante 30
7bbfc66b: posts the ante 30
e5c45aab: posts the ante 30
76e34dc: posts the ante 30
c032815a: posts the ante 30
Hero: posts the ante 30
76e34dc: posts small blind 100
8bd85b7c: posts big blind 200
*** HOLE CARDS ***
Dealt to 8bd85b7c 
Dealt to Hero [Kc 2s]
Dealt to e5c45aab 
Dealt to b9ee39fe 
Dealt to 1585f7ef 
Dealt to c032815a 
Dealt to 7bbfc66b 
Dealt to 76e34dc 
Hero: folds
e5c45aab: folds
b9ee39fe: folds
1585f7ef: raises 200 to 400
c032815a: calls 400
7bbfc66b: folds
76e34dc: folds
8bd85b7c: calls 200
*** FLOP *** [Ah 7s Ad]
8bd85b7c: checks
1585f7ef: bets 1,155
c032815a: calls 1,155
8bd85b7c: folds
*** TURN *** [Ah 7s Ad] [4h]
1585f7ef: bets 2,888
c032815a: raises 2,286 to 5,174 and is all-in
1585f7ef: folds
Uncalled bet (2,286) returned to c032815a
*** SHOWDOWN ***
c032815a collected 9,626 from pot
*** SUMMARY ***
Total pot 9,626 | Rake 0 | Jackpot 0 | Bingo 0 | Fortune 0 | Tax 0
Board [Ah 7s Ad 4h]
Seat 1: 8bd85b7c (big blind) folded on the Flop
Seat 2: Hero folded before Flop
Seat 3: e5c45aab folded before Flop
Seat 4: b9ee39fe folded before Flop
Seat 5: 1585f7ef folded on the Turn
Seat 6: c032815a won (9,626)
Seat 7: 7bbfc66b (button) folded before Flop
Seat 8: 76e34dc (small blind) folded before Flop


Poker Hand #TM3577255268: Tournament #157957577, Bounty Hunters Big One $1.08 Hold'em No Limit - Level4(100/200) - 2024/08/13 18:15:33
Table '178' 8-max Seat #6 is the button
Seat 1: 8bd85b7c (12,922 in chips)
Seat 2: Hero (28,802 in chips)
Seat 3: e5c45aab (15,638 in chips)
Seat 4: b9ee39fe (25,226 in chips)
Seat 5: 1585f7ef (10,000 in chips)
Seat 6: c032815a (8,162 in chips)
Seat 7: 7bbfc66b (8,660 in chips)
Seat 8: 76e34dc (10,590 in chips)
1585f7ef: posts the ante 30
b9ee39fe: posts the ante 30
8bd85b7c: posts the ante 30
7bbfc66b: posts the ante 30
e5c45aab: posts the ante 30
76e34dc: posts the ante 30
c032815a: posts the ante 30
Hero: posts the ante 30
7bbfc66b: posts small blind 100
76e34dc: posts big blind 200
*** HOLE CARDS ***
Dealt to 8bd85b7c 
Dealt to Hero [6h 4s]
Dealt to e5c45aab 
Dealt to b9ee39fe 
Dealt to 1585f7ef 
Dealt to c032815a 
Dealt to 7bbfc66b 
Dealt to 76e34dc 
8bd85b7c: calls 200
Hero: folds
e5c45aab: calls 200
b9ee39fe: folds
1585f7ef: folds
c032815a: raises 400 to 600
7bbfc66b: folds
76e34dc: folds
8bd85b7c: calls 400
e5c45aab: calls 400
*** FLOP *** [4h Ts 8h]
8bd85b7c: bets 773
e5c45aab: folds
c032815a: calls 773
*** TURN *** [4h Ts 8h] [8d]
8bd85b7c: bets 1,283
c032815a: folds
Uncalled bet (1,283) returned to 8bd85b7c
*** SHOWDOWN ***
8bd85b7c collected 3,886 from pot
*** SUMMARY ***
Total pot 3,886 | Rake 0 | Jackpot 0 | Bingo 0 | Fortune 0 | Tax 0
Board [4h Ts 8h 8d]
Seat 1: 8bd85b7c won (3,886)
Seat 2: Hero folded before Flop
Seat 3: e5c45aab folded on the Flop
Seat 4: b9ee39fe folded before Flop
Seat 5: 1585f7ef folded before Flop
Seat 6: c032815a (button) folded on the Turn
Seat 7: 7bbfc66b (small blind) folded before Flop
Seat 8: 76e34dc (big blind) folded before Flop


Poker Hand #TM3577255247: Tournament #157957577, Bounty Hunters Big One $1.08 Hold'em No Limit - Level4(100/200) - 2024/08/13 18:14:57
Table '178' 8-max Seat #4 is the button
Seat 1: 8bd85b7c (12,952 in chips)
Seat 2: Hero (29,232 in chips)
Seat 3: e5c45aab (15,668 in chips)
Seat 4: b9ee39fe (25,256 in chips)
Seat 6: c032815a (8,292 in chips)
Seat 7: 7bbfc66b (9,090 in chips)
Seat 8: 76e34dc (9,510 in chips)
b9ee39fe: posts the ante 30
8bd85b7c: posts the ante 30
7bbfc66b: posts the ante 30
e5c45aab: posts the ante 30
76e34dc: posts the ante 30
c032815a: posts the ante 30
Hero: posts the ante 30
c032815a: posts small blind 100
7bbfc66b: posts big blind 200
*** HOLE CARDS ***
Dealt to 8bd85b7c 
Dealt to Hero [Th Qc]
Dealt to e5c45aab 
Dealt to b9ee39fe 
Dealt to c032815a 
Dealt to 7bbfc66b 
Dealt to 76e34dc 
76e34dc: raises 200 to 400
8bd85b7c: folds
Hero: calls 400
e5c45aab: folds
b9ee39fe: folds
c032815a: folds
7bbfc66b: calls 200
*** FLOP *** [4d Ac 3d]
7bbfc66b: checks
76e34dc: bets 400
Hero: folds
7bbfc66b: folds
Uncalled bet (400) returned to 76e34dc
*** SHOWDOWN ***
76e34dc collected 1,510 from pot
*** SUMMARY ***
Total pot 1,510 | Rake 0 | Jackpot 0 | Bingo 0 | Fortune 0 | Tax 0
Board [4d Ac 3d]
Seat 1: 8bd85b7c folded before Flop
Seat 2: Hero folded on the Flop
Seat 3: e5c45aab folded before Flop
Seat 4: b9ee39fe (button) folded before Flop
Seat 6: c032815a (small blind) folded before Flop
Seat 7: 7bbfc66b (big blind) folded on the Flop
Seat 8: 76e34dc won (1,510)


Poker Hand #TM3577255222: Tournament #157957577, Bounty Hunters Big One $1.08 Hold'em No Limit - Level4(100/200) - 2024/08/13 18:14:09
Table '178' 8-max Seat #3 is the button
Seat 1: 8bd85b7c (9,821 in chips)
Seat 2: Hero (29,262 in chips)
Seat 3: e5c45aab (15,698 in chips)
Seat 4: b9ee39fe (25,386 in chips)
Seat 5: e213736a (2,251 in chips)
Seat 6: c032815a (8,922 in chips)
Seat 7: 7bbfc66b (9,120 in chips)
Seat 8: 76e34dc (9,540 in chips)
e213736a: posts the ante 30
b9ee39fe: posts the ante 30
8bd85b7c: posts the ante 30
7bbfc66b: posts the ante 30
e5c45aab: posts the ante 30
76e34dc: posts the ante 30
c032815a: posts the ante 30
Hero: posts the ante 30
b9ee39fe: posts small blind 100
e213736a: posts big blind 200
*** HOLE CARDS ***
Dealt to 8bd85b7c 
Dealt to Hero [Qc 6d]
Dealt to e5c45aab 
Dealt to b9ee39fe 
Dealt to e213736a 
Dealt to c032815a 
Dealt to 7bbfc66b 
Dealt to 76e34dc 
c032815a: raises 400 to 600
7bbfc66b: folds
76e34dc: folds
8bd85b7c: raises 9,191 to 9,791 and is all-in
Hero: folds
e5c45aab: folds
b9ee39fe: folds
e213736a: calls 2,021 and is all-in
c032815a: folds
Uncalled bet (7,570) returned to 8bd85b7c
8bd85b7c: shows [8c 8s]
e213736a: shows [Qd 7s]
*** FLOP *** [Tc Th 3c]
*** TURN *** [Tc Th 3c] [As]
*** RIVER *** [Tc Th 3c As] [4h]
Hero: shows [Qc 6d] (Pair of Tens)
*** SHOWDOWN ***
8bd85b7c collected 5,382 from pot
*** SUMMARY ***
Total pot 5,382 | Rake 0 | Jackpot 0 | Bingo 0 | Fortune 0 | Tax 0
Board [Tc Th 3c As 4h]
Seat 1: 8bd85b7c showed [8c 8s] and won (5,382) with Pair of Tens and Pair of Eights
Seat 2: Hero folded before Flop
Seat 3: e5c45aab (button) folded before Flop
Seat 4: b9ee39fe (small blind) folded before Flop
Seat 5: e213736a (big blind) showed [Qd 7s] and lost with Pair of Tens
Seat 6: c032815a folded before Flop
Seat 7: 7bbfc66b folded before Flop
Seat 8: 76e34dc folded before Flop


Poker Hand #TM3577255185: Tournament #157957577, Bounty Hunters Big One $1.08 Hold'em No Limit - Level4(100/200) - 2024/08/13 18:13:01
Table '178' 8-max Seat #2 is the button
Seat 1: 8bd85b7c (9,851 in chips)
Seat 2: Hero (29,292 in chips)
Seat 3: e5c45aab (7,659 in chips)
Seat 4: b9ee39fe (25,616 in chips)
Seat 5: e213736a (9,910 in chips)
Seat 6: c032815a (8,952 in chips)
Seat 7: 7bbfc66b (9,150 in chips)
Seat 8: 76e34dc (9,570 in chips)
e213736a: posts the ante 30
b9ee39fe: posts the ante 30
8bd85b7c: posts the ante 30
7bbfc66b: posts the ante 30
e5c45aab: posts the ante 30
76e34dc: posts the ante 30
c032815a: posts the ante 30
Hero: posts the ante 30
e5c45aab: posts small blind 100
b9ee39fe: posts big blind 200
*** HOLE CARDS ***
Dealt to 8bd85b7c 
Dealt to Hero [9s Ts]
Dealt to e5c45aab 
Dealt to b9ee39fe 
Dealt to e213736a 
Dealt to c032815a 
Dealt to 7bbfc66b 
Dealt to 76e34dc 
e213736a: raises 9,680 to 9,880 and is all-in
c032815a: folds
7bbfc66b: folds
76e34dc: folds
8bd85b7c: folds
Hero: folds
e5c45aab: calls 7,529 and is all-in
b9ee39fe: folds
Uncalled bet (2,251) returned to e213736a
e213736a: shows [Jd Ah]
e5c45aab: shows [Ks Qc]
*** FLOP *** [4c Qh 7d]
*** TURN *** [4c Qh 7d] [Jh]
*** RIVER *** [4c Qh 7d Jh] [8s]
b9ee39fe: shows [Qd] (Pair of Queens)
Hero: shows [9s Ts] (Queens-High Straight)
*** SHOWDOWN ***
e5c45aab collected 15,698 from pot
*** SUMMARY ***
Total pot 15,698 | Rake 0 | Jackpot 0 | Bingo 0 | Fortune 0 | Tax 0
Board [4c Qh 7d Jh 8s]
Seat 1: 8bd85b7c folded before Flop
Seat 2: Hero (button) folded before Flop
Seat 3: e5c45aab (small blind) showed [Ks Qc] and won (15,698) with Pair of Queens
Seat 4: b9ee39fe (big blind) folded before Flop
Seat 5: e213736a showed [Jd Ah] and lost with Pair of Jacks
Seat 6: c032815a folded before Flop
Seat 7: 7bbfc66b folded before Flop
Seat 8: 76e34dc folded before Flop


Poker Hand #TM3577255167: Tournament #157957577, Bounty Hunters Big One $1.08 Hold'em No Limit - Level4(100/200) - 2024/08/13 18:12:20
Table '178' 8-max Seat #1 is the button
Seat 1: 8bd85b7c (8,941 in chips)
Seat 2: Hero (29,422 in chips)
Seat 3: e5c45aab (7,889 in chips)
Seat 4: b9ee39fe (25,646 in chips)
Seat 5: e213736a (9,940 in chips)
Seat 6: c032815a (8,982 in chips)
Seat 7: 7bbfc66b (9,180 in chips)
Seat 8: 76e34dc (10,000 in chips)
e213736a: posts the ante 30
b9ee39fe: posts the ante 30
8bd85b7c: posts the ante 30
7bbfc66b: posts the ante 30
e5c45aab: posts the ante 30
76e34dc: posts the ante 30
c032815a: posts the ante 30
Hero: posts the ante 30
Hero: posts small blind 100
e5c45aab: posts big blind 200
*** HOLE CARDS ***
Dealt to 8bd85b7c 
Dealt to Hero [Th Kd]
Dealt to e5c45aab 
Dealt to b9ee39fe 
Dealt to e213736a 
Dealt to c032815a 
Dealt to 7bbfc66b 
Dealt to 76e34dc 
b9ee39fe: folds
e213736a: folds
c032815a: folds
7bbfc66b: folds
76e34dc: raises 200 to 400
8bd85b7c: raises 8,511 to 8,911 and is all-in
Hero: folds
e5c45aab: folds
76e34dc: folds
Uncalled bet (8,511) returned to 8bd85b7c
*** SHOWDOWN ***
8bd85b7c collected 1,340 from pot
*** SUMMARY ***
Total pot 1,340 | Rake 0 | Jackpot 0 | Bingo 0 | Fortune 0 | Tax 0
Seat 1: 8bd85b7c (button) collected (1,340)
Seat 2: Hero (small blind) folded before Flop
Seat 3: e5c45aab (big blind) folded before Flop
Seat 4: b9ee39fe folded before Flop
Seat 5: e213736a folded before Flop
Seat 6: c032815a folded before Flop
Seat 7: 7bbfc66b folded before Flop
Seat 8: 76e34dc folded before Flop


Poker Hand #TM3577255134: Tournament #157957577, Bounty Hunters Big One $1.08 Hold'em No Limit - Level4(100/200) - 2024/08/13 18:11:15
Table '178' 8-max Seat #7 is the button
Seat 1: 8bd85b7c (9,071 in chips)
Seat 2: Hero (28,342 in chips)
Seat 3: e5c45aab (8,319 in chips)
Seat 4: b9ee39fe (25,676 in chips)
Seat 5: e213736a (9,970 in chips)
Seat 6: c032815a (9,012 in chips)
Seat 7: 7bbfc66b (9,610 in chips)
e213736a: posts the ante 30
b9ee39fe: posts the ante 30
8bd85b7c: posts the ante 30
7bbfc66b: posts the ante 30
e5c45aab: posts the ante 30
c032815a: posts the ante 30
Hero: posts the ante 30
8bd85b7c: posts small blind 100
Hero: posts big blind 200
*** HOLE CARDS ***
Dealt to 8bd85b7c 
Dealt to Hero [Ah 7c]
Dealt to e5c45aab 
Dealt to b9ee39fe 
Dealt to e213736a 
Dealt to c032815a 
Dealt to 7bbfc66b 
e5c45aab: raises 200 to 400
b9ee39fe: folds
e213736a: folds
c032815a: folds
7bbfc66b: calls 400
8bd85b7c: folds
Hero: calls 200
*** FLOP *** [6s Td Ts]
Hero: checks
e5c45aab: checks
7bbfc66b: checks
*** TURN *** [6s Td Ts] [5s]
Hero: checks
e5c45aab: checks
7bbfc66b: checks
*** RIVER *** [6s Td Ts 5s] [7h]
Hero: bets 499
e5c45aab: folds
7bbfc66b: folds
Uncalled bet (499) returned to Hero
Hero: shows [7c] (Pair of Tens and Pair of Sevens)
*** SHOWDOWN ***
Hero collected 1,510 from pot
*** SUMMARY ***
Total pot 1,510 | Rake 0 | Jackpot 0 | Bingo 0 | Fortune 0 | Tax 0
Board [6s Td Ts 5s 7h]
Seat 1: 8bd85b7c (small blind) folded before Flop
Seat 2: Hero (big blind) showed [7c] and won (1,510)
Seat 3: e5c45aab folded on the River
Seat 4: b9ee39fe folded before Flop
Seat 5: e213736a folded before Flop
Seat 6: c032815a folded before Flop
Seat 7: 7bbfc66b (button) folded on the River


Poker Hand #TM3577255103: Tournament #157957577, Bounty Hunters Big One $1.08 Hold'em No Limit - Level4(100/200) - 2024/08/13 18:10:21
Table '178' 8-max Seat #6 is the button
Seat 1: 8bd85b7c (7,096 in chips)
Seat 2: Hero (28,812 in chips)
Seat 3: e5c45aab (9,604 in chips)
Seat 4: b9ee39fe (25,706 in chips)
Seat 5: e213736a (10,000 in chips)
Seat 6: c032815a (9,042 in chips)
Seat 7: 7bbfc66b (9,740 in chips)
e213736a: posts the ante 30
b9ee39fe: posts the ante 30
8bd85b7c: posts the ante 30
7bbfc66b: posts the ante 30
e5c45aab: posts the ante 30
c032815a: posts the ante 30
Hero: posts the ante 30
7bbfc66b: posts small blind 100
8bd85b7c: posts big blind 200
*** HOLE CARDS ***
Dealt to 8bd85b7c 
Dealt to Hero [6h 6s]
Dealt to e5c45aab 
Dealt to b9ee39fe 
Dealt to e213736a 
Dealt to c032815a 
Dealt to 7bbfc66b 
Hero: raises 240 to 440
e5c45aab: calls 440
b9ee39fe: folds
e213736a: folds
c032815a: folds
7bbfc66b: folds
8bd85b7c: calls 240
*** FLOP *** [Jc Qd Td]
8bd85b7c: bets 815
Hero: folds
e5c45aab: calls 815
*** TURN *** [Jc Qd Td] [5c]
8bd85b7c: bets 3,260
e5c45aab: folds
Uncalled bet (3,260) returned to 8bd85b7c
*** SHOWDOWN ***
8bd85b7c collected 3,260 from pot
*** SUMMARY ***
Total pot 3,260 | Rake 0 | Jackpot 0 | Bingo 0 | Fortune 0 | Tax 0
Board [Jc Qd Td 5c]
Seat 1: 8bd85b7c (big blind) won (3,260)
Seat 2: Hero folded on the Flop
Seat 3: e5c45aab folded on the Turn
Seat 4: b9ee39fe folded before Flop
Seat 5: e213736a folded before Flop
Seat 6: c032815a (button) folded before Flop
Seat 7: 7bbfc66b (small blind) folded before Flop


Poker Hand #TM3577255081: Tournament #157957577, Bounty Hunters Big One $1.08 Hold'em No Limit - Level4(100/200) - 2024/08/13 18:09:37
Table '178' 8-max Seat #4 is the button
Seat 1: 8bd85b7c (7,126 in chips)
Seat 2: Hero (28,842 in chips)
Seat 3: e5c45aab (9,634 in chips)
Seat 4: b9ee39fe (15,546 in chips)
Seat 6: c032815a (9,172 in chips)
Seat 7: 7bbfc66b (9,970 in chips)
Seat 8: ae2e808d (9,710 in chips)
b9ee39fe: posts the ante 30
8bd85b7c: posts the ante 30
7bbfc66b: posts the ante 30
e5c45aab: posts the ante 30
ae2e808d: posts the ante 30
c032815a: posts the ante 30
Hero: posts the ante 30
c032815a: posts small blind 100
7bbfc66b: posts big blind 200
*** HOLE CARDS ***
Dealt to 8bd85b7c 
Dealt to Hero [2h Kd]
Dealt to e5c45aab 
Dealt to b9ee39fe 
Dealt to c032815a 
Dealt to 7bbfc66b 
Dealt to ae2e808d 
ae2e808d: raises 9,480 to 9,680 and is all-in
8bd85b7c: folds
Hero: folds
e5c45aab: folds
b9ee39fe: raises 5,836 to 15,516 and is all-in
c032815a: folds
7bbfc66b: folds
Uncalled bet (5,836) returned to b9ee39fe
b9ee39fe: shows [Qs Qd]
ae2e808d: shows [2d Ah]
*** FLOP *** [5d Jh 4h]
*** TURN *** [5d Jh 4h] [8d]
*** RIVER *** [5d Jh 4h 8d] [4d]
Hero: shows [2h Kd] (Pair of Fours)
*** SHOWDOWN ***
b9ee39fe collected 19,870 from pot
*** SUMMARY ***
Total pot 19,870 | Rake 0 | Jackpot 0 | Bingo 0 | Fortune 0 | Tax 0
Board [5d Jh 4h 8d 4d]
Seat 1: 8bd85b7c folded before Flop
Seat 2: Hero folded before Flop
Seat 3: e5c45aab folded before Flop
Seat 4: b9ee39fe (button) showed [Qs Qd] and won (19,870) with Pair of Queens and Pair of Fours
Seat 6: c032815a (small blind) folded before Flop
Seat 7: 7bbfc66b (big blind) folded before Flop
Seat 8: ae2e808d showed [2d Ah] and lost with Pair of Fours


Poker Hand #TM3577255035: Tournament #157957577, Bounty Hunters Big One $1.08 Hold'em No Limit - Level4(100/200) - 2024/08/13 18:07:50
Table '178' 8-max Seat #3 is the button
Seat 1: 8bd85b7c (7,156 in chips)
Seat 2: Hero (9,664 in chips)
Seat 3: e5c45aab (9,664 in chips)
Seat 4: b9ee39fe (15,676 in chips)
Seat 5: cee90968 (9,264 in chips)
Seat 6: c032815a (9,202 in chips)
Seat 7: 7bbfc66b (10,000 in chips)
Seat 8: ae2e808d (19,374 in chips)
b9ee39fe: posts the ante 30
8bd85b7c: posts the ante 30
7bbfc66b: posts the ante 30
e5c45aab: posts the ante 30
ae2e808d: posts the ante 30
c032815a: posts the ante 30
Hero: posts the ante 30
cee90968: posts the ante 30
b9ee39fe: posts small blind 100
cee90968: posts big blind 200
*** HOLE CARDS ***
Dealt to 8bd85b7c 
Dealt to Hero [8c 8h]
Dealt to e5c45aab 
Dealt to b9ee39fe 
Dealt to cee90968 
Dealt to c032815a 
Dealt to 7bbfc66b 
Dealt to ae2e808d 
c032815a: folds
7bbfc66b: folds
ae2e808d: raises 200 to 400
8bd85b7c: folds
Hero: calls 400
e5c45aab: folds
b9ee39fe: folds
cee90968: raises 8,834 to 9,234 and is all-in
ae2e808d: calls 8,834
Hero: calls 8,834
*** FLOP *** [5c 4c 6c]
ae2e808d: checks
Hero: bets 400 and is all-in
ae2e808d: calls 400
Hero: shows [8c 8h] (Pair of Eights)
cee90968: shows [As Ks] (Ace-High)
ae2e808d: shows [Ah 7h] (Ace-High)
*** TURN *** [5c 4c 6c] [Td]
*** RIVER *** [5c 4c 6c Td] [Ts]
e5c45aab: shows [8s] (Pair of Tens)
*** SHOWDOWN ***
Hero collected 28,042 from pot
Hero collected 800 from pot
*** SUMMARY ***
Total pot 28,842 | Rake 0 | Jackpot 0 | Bingo 0 | Fortune 0 | Tax 0
Board [5c 4c 6c Td Ts]
Seat 1: 8bd85b7c folded before Flop
Seat 2: Hero showed [8c 8h] and won (28,842) with Pair of Tens and Pair of Eights
Seat 3: e5c45aab (button) folded before Flop
Seat 4: b9ee39fe (small blind) folded before Flop
Seat 5: cee90968 (big blind) showed [As Ks] and lost with Pair of Tens
Seat 6: c032815a folded before Flop
Seat 7: 7bbfc66b folded before Flop
Seat 8: ae2e808d showed [Ah 7h] and lost with Pair of Tens


Poker Hand #TM3577254973: Tournament #157957577, Bounty Hunters Big One $1.08 Hold'em No Limit - Level3(80/160) - 2024/08/13 18:06:01
Table '178' 8-max Seat #2 is the button
Seat 1: 8bd85b7c (9,862 in chips)
Seat 2: Hero (9,688 in chips)
Seat 3: e5c45aab (9,768 in chips)
Seat 4: b9ee39fe (9,928 in chips)
Seat 5: cee90968 (9,448 in chips)
Seat 6: c032815a (9,226 in chips)
Seat 8: ae2e808d (22,080 in chips)
b9ee39fe: posts the ante 24
8bd85b7c: posts the ante 24
e5c45aab: posts the ante 24
ae2e808d: posts the ante 24
c032815a: posts the ante 24
Hero: posts the ante 24
cee90968: posts the ante 24
e5c45aab: posts small blind 80
b9ee39fe: posts big blind 160
*** HOLE CARDS ***
Dealt to 8bd85b7c 
Dealt to Hero [5c 9h]
Dealt to e5c45aab 
Dealt to b9ee39fe 
Dealt to cee90968 
Dealt to c032815a 
Dealt to ae2e808d 
cee90968: calls 160
c032815a: folds
ae2e808d: raises 160 to 320
8bd85b7c: calls 320
Hero: folds
e5c45aab: folds
b9ee39fe: raises 960 to 1,280
cee90968: folds
ae2e808d: calls 960
8bd85b7c: calls 960
*** FLOP *** [2d 9d Tc]
b9ee39fe: checks
ae2e808d: checks
8bd85b7c: checks
*** TURN *** [2d 9d Tc] [Js]
b9ee39fe: bets 1,402
ae2e808d: calls 1,402
8bd85b7c: calls 1,402
*** RIVER *** [2d 9d Tc Js] [2c]
b9ee39fe: bets 7,222 and is all-in
ae2e808d: folds
8bd85b7c: folds
Uncalled bet (7,222) returned to b9ee39fe
*** SHOWDOWN ***
b9ee39fe collected 8,454 from pot
*** SUMMARY ***
Total pot 8,454 | Rake 0 | Jackpot 0 | Bingo 0 | Fortune 0 | Tax 0
Board [2d 9d Tc Js 2c]
Seat 1: 8bd85b7c folded on the River
Seat 2: Hero (button) folded before Flop
Seat 3: e5c45aab (small blind) folded before Flop
Seat 4: b9ee39fe (big blind) won (8,454)
Seat 5: cee90968 folded before Flop
Seat 6: c032815a folded before Flop
Seat 8: ae2e808d folded on the River


Poker Hand #TM3577254925: Tournament #157957577, Bounty Hunters Big One $1.08 Hold'em No Limit - Level3(80/160) - 2024/08/13 18:04:30
Table '178' 8-max Seat #1 is the button
Seat 1: 8bd85b7c (10,366 in chips)
Seat 2: Hero (9,792 in chips)
Seat 3: e5c45aab (9,952 in chips)
Seat 4: b9ee39fe (9,952 in chips)
Seat 5: cee90968 (9,952 in chips)
Seat 6: c032815a (9,250 in chips)
Seat 7: a0f508bf (9,952 in chips)
Seat 8: ae2e808d (10,784 in chips)
b9ee39fe: posts the ante 24
8bd85b7c: posts the ante 24
a0f508bf: posts the ante 24
e5c45aab: posts the ante 24
ae2e808d: posts the ante 24
c032815a: posts the ante 24
Hero: posts the ante 24
cee90968: posts the ante 24
Hero: posts small blind 80
e5c45aab: posts big blind 160
*** HOLE CARDS ***
Dealt to 8bd85b7c 
Dealt to Hero [5c 3h]
Dealt to e5c45aab 
Dealt to b9ee39fe 
Dealt to cee90968 
Dealt to c032815a 
Dealt to a0f508bf 
Dealt to ae2e808d 
b9ee39fe: folds
cee90968: calls 160
c032815a: folds
a0f508bf: raises 320 to 480
ae2e808d: calls 480
8bd85b7c: calls 480
Hero: folds
e5c45aab: folds
cee90968: calls 320
*** FLOP *** [Qs 2d 3d]
cee90968: checks
a0f508bf: bets 777
ae2e808d: raises 1,953 to 2,730
8bd85b7c: folds
cee90968: folds
a0f508bf: raises 6,718 to 9,448 and is all-in
ae2e808d: calls 6,718
a0f508bf: shows [Kd Jd] (King-High)
ae2e808d: shows [2c 2h] (Three Twos)
*** TURN *** [Qs 2d 3d] [8s]
*** RIVER *** [Qs 2d 3d 8s] [Qh]
*** SHOWDOWN ***
ae2e808d collected 21,248 from pot
*** SUMMARY ***
Total pot 21,248 | Rake 0 | Jackpot 0 | Bingo 0 | Fortune 0 | Tax 0
Board [Qs 2d 3d 8s Qh]
Seat 1: 8bd85b7c (button) folded on the Flop
Seat 2: Hero (small blind) folded before Flop
Seat 3: e5c45aab (big blind) folded before Flop
Seat 4: b9ee39fe folded before Flop
Seat 5: cee90968 folded on the Flop
Seat 6: c032815a folded before Flop
Seat 7: a0f508bf showed [Kd Jd] and lost with Pair of Queens
Seat 8: ae2e808d showed [2c 2h] and won (21,248) with Twos Full over Queens


Poker Hand #TM3577254899: Tournament #157957577, Bounty Hunters Big One $1.08 Hold'em No Limit - Level3(80/160) - 2024/08/13 18:03:42
Table '178' 8-max Seat #8 is the button
Seat 1: 8bd85b7c (9,656 in chips)
Seat 2: Hero (9,976 in chips)
Seat 3: e5c45aab (9,976 in chips)
Seat 4: b9ee39fe (9,976 in chips)
Seat 5: cee90968 (9,976 in chips)
Seat 6: c032815a (9,656 in chips)
Seat 7: a0f508bf (9,976 in chips)
Seat 8: ae2e808d (10,808 in chips)
b9ee39fe: posts the ante 24
8bd85b7c: posts the ante 24
a0f508bf: posts the ante 24
e5c45aab: posts the ante 24
ae2e808d: posts the ante 24
c032815a: posts the ante 24
Hero: posts the ante 24
cee90968: posts the ante 24
8bd85b7c: posts small blind 80
Hero: posts big blind 160
*** HOLE CARDS ***
Dealt to 8bd85b7c 
Dealt to Hero [Ah 9d]
Dealt to e5c45aab 
Dealt to b9ee39fe 
Dealt to cee90968 
Dealt to c032815a 
Dealt to a0f508bf 
Dealt to ae2e808d 
e5c45aab: folds
b9ee39fe: folds
cee90968: folds
c032815a: calls 160
a0f508bf: folds
ae2e808d: folds
8bd85b7c: calls 80
Hero: checks
*** FLOP *** [5d Kh 7s]
8bd85b7c: bets 222
Hero: folds
c032815a: calls 222
*** TURN *** [5d Kh 7s] [2s]
8bd85b7c: bets 1,116
c032815a: folds
Uncalled bet (1,116) returned to 8bd85b7c
*** SHOWDOWN ***
8bd85b7c collected 1,116 from pot
*** SUMMARY ***
Total pot 1,116 | Rake 0 | Jackpot 0 | Bingo 0 | Fortune 0 | Tax 0
Board [5d Kh 7s 2s]
Seat 1: 8bd85b7c (small blind) won (1,116)
Seat 2: Hero (big blind) folded on the Flop
Seat 3: e5c45aab folded before Flop
Seat 4: b9ee39fe folded before Flop
Seat 5: cee90968 folded before Flop
Seat 6: c032815a folded on the Turn
Seat 7: a0f508bf folded before Flop
Seat 8: ae2e808d (button) folded before Flop


Poker Hand #TM3577254868: Tournament #157957577, Bounty Hunters Big One $1.08 Hold'em No Limit - Level3(80/160) - 2024/08/13 18:02:33
Table '178' 8-max Seat #7 is the button
Seat 1: 8bd85b7c (10,000 in chips)
Seat 2: Hero (10,000 in chips)
Seat 3: e5c45aab (10,000 in chips)
Seat 4: b9ee39fe (10,000 in chips)
Seat 5: cee90968 (10,000 in chips)
Seat 6: c032815a (10,000 in chips)
Seat 7: a0f508bf (10,000 in chips)
Seat 8: ae2e808d (10,000 in chips)
b9ee39fe: posts the ante 24
8bd85b7c: posts the ante 24
a0f508bf: posts the ante 24
e5c45aab: posts the ante 24
ae2e808d: posts the ante 24
c032815a: posts the ante 24
Hero: posts the ante 24
cee90968: posts the ante 24
ae2e808d: posts small blind 80
8bd85b7c: posts big blind 160
*** HOLE CARDS ***
Dealt to 8bd85b7c 
Dealt to Hero [8s 3s]
Dealt to e5c45aab 
Dealt to b9ee39fe 
Dealt to cee90968 
Dealt to c032815a 
Dealt to a0f508bf 
Dealt to ae2e808d 
Hero: folds
e5c45aab: folds
b9ee39fe: folds
cee90968: folds
c032815a: raises 160 to 320
a0f508bf: folds
ae2e808d: calls 240
8bd85b7c: calls 160
*** FLOP *** [4d 5h 6c]
ae2e808d: bets 381
8bd85b7c: folds
c032815a: folds
Uncalled bet (381) returned to ae2e808d
*** SHOWDOWN ***
ae2e808d collected 1,152 from pot
*** SUMMARY ***
Total pot 1,152 | Rake 0 | Jackpot 0 | Bingo 0 | Fortune 0 | Tax 0
Board [4d 5h 6c]
Seat 1: 8bd85b7c (big blind) folded on the Flop
Seat 2: Hero folded before Flop
Seat 3: e5c45aab folded before Flop
Seat 4: b9ee39fe folded before Flop
Seat 5: cee90968 folded before Flop
Seat 6: c032815a folded on the Flop
Seat 7: a0f508bf (button) folded before Flop
Seat 8: ae2e808d (small blind) won (1,152)


