Poker Hand #TM3548360819: Tournament #156397207, Bounty Hunters Sunday Big One $1.08 Hold'em No Limit - Level2(60/120) - 2024/08/04 11:41:21
Table '89' 8-max Seat #4 is the button
Seat 1: Hero (7,497 in chips)
Seat 2: f3abe718 (22,338 in chips)
Seat 3: 1ac8422d (9,672 in chips)
Seat 4: 42ffa08b (11,951 in chips)
Seat 5: 6d33ad19 (7,388 in chips)
Seat 6: 457c8d4b (10,160 in chips)
Seat 7: 82671565 (8,021 in chips)
Seat 8: 904d5e28 (2,018 in chips)
1ac8422d: posts the ante 18
82671565: posts the ante 18
904d5e28: posts the ante 18
457c8d4b: posts the ante 18
42ffa08b: posts the ante 18
6d33ad19: posts the ante 18
Hero: posts the ante 18
f3abe718: posts the ante 18
6d33ad19: posts small blind 60
457c8d4b: posts big blind 120
*** HOLE CARDS ***
Dealt to Hero [Qd Ah]
Dealt to f3abe718 
Dealt to 1ac8422d 
Dealt to 42ffa08b 
Dealt to 6d33ad19 
Dealt to 457c8d4b 
Dealt to 82671565 
Dealt to 904d5e28 
82671565: folds
904d5e28: raises 1,880 to 2,000 and is all-in
Hero: calls 2,000
f3abe718: folds
1ac8422d: calls 2,000
42ffa08b: folds
6d33ad19: raises 5,370 to 7,370 and is all-in
457c8d4b: folds
Hero: raises 109 to 7,479 and is all-in
1ac8422d: calls 5,479
Hero: shows [Qd Ah]
1ac8422d: shows [4c Kc]
6d33ad19: shows [9h 9d]
904d5e28: shows [Ks Jc]
*** FLOP *** [Qc Kd 5h]
*** TURN *** [Qc Kd 5h] [7c]
*** RIVER *** [Qc Kd 5h 7c] [5d]
f3abe718: shows [9c 5c] (Three Fives)
*** SHOWDOWN ***
904d5e28 collected 4,132 from pot
1ac8422d collected 4,132 from pot
1ac8422d collected 16,110 from pot
1ac8422d collected 218 from pot
*** SUMMARY ***
Total pot 24,592 | Rake 0 | Jackpot 0 | Bingo 0 | Fortune 0 | Tax 0
Board [Qc Kd 5h 7c 5d]
Seat 1: Hero showed [Qd Ah] and lost with Pair of Queens and Pair of Fives
Seat 2: f3abe718 folded before Flop
Seat 3: 1ac8422d showed [4c Kc] and won (20,460) with Pair of Kings and Pair of Fives
Seat 4: 42ffa08b (button) folded before Flop
Seat 5: 6d33ad19 (small blind) showed [9h 9d] and lost with Pair of Nines and Pair of Fives
Seat 6: 457c8d4b (big blind) folded before Flop
Seat 7: 82671565 folded before Flop
Seat 8: 904d5e28 showed [Ks Jc] and won (4,132) with Pair of Kings and Pair of Fives


Poker Hand #TM3548360770: Tournament #156397207, Bounty Hunters Sunday Big One $1.08 Hold'em No Limit - Level2(60/120) - 2024/08/04 11:40:03
Table '89' 8-max Seat #3 is the button
Seat 1: Hero (9,775 in chips)
Seat 2: f3abe718 (19,934 in chips)
Seat 3: 1ac8422d (9,690 in chips)
Seat 4: 42ffa08b (12,029 in chips)
Seat 5: 6d33ad19 (7,526 in chips)
Seat 6: 457c8d4b (10,178 in chips)
Seat 7: 82671565 (8,967 in chips)
Seat 8: 904d5e28 (946 in chips)
1ac8422d: posts the ante 18
82671565: posts the ante 18
904d5e28: posts the ante 18
457c8d4b: posts the ante 18
42ffa08b: posts the ante 18
6d33ad19: posts the ante 18
Hero: posts the ante 18
f3abe718: posts the ante 18
42ffa08b: posts small blind 60
6d33ad19: posts big blind 120
*** HOLE CARDS ***
Dealt to Hero [2c 2s]
Dealt to f3abe718 
Dealt to 1ac8422d 
Dealt to 42ffa08b 
Dealt to 6d33ad19 
Dealt to 457c8d4b 
Dealt to 82671565 
Dealt to 904d5e28 
457c8d4b: folds
82671565: raises 132 to 252
904d5e28: raises 676 to 928 and is all-in
Hero: calls 928
f3abe718: calls 928
1ac8422d: folds
42ffa08b: folds
6d33ad19: folds
82671565: calls 676
*** FLOP *** [Jc 3h Th]
82671565: checks
Hero: bets 1,332
f3abe718: calls 1,332
82671565: folds
*** TURN *** [Jc 3h Th] [Kd]
Hero: checks
f3abe718: checks
*** RIVER *** [Jc 3h Th Kd] [3c]
Hero: checks
f3abe718: bets 13,320
Hero: folds
Uncalled bet (13,320) returned to f3abe718
f3abe718: shows [7s 9h] (Pair of Treys)
904d5e28: shows [6c 9d] (Pair of Treys)
*** SHOWDOWN ***
f3abe718 collected 2,018 from pot
904d5e28 collected 2,018 from pot
f3abe718 collected 2,664 from pot
*** SUMMARY ***
Total pot 6,700 | Rake 0 | Jackpot 0 | Bingo 0 | Fortune 0 | Tax 0
Board [Jc 3h Th Kd 3c]
Seat 1: Hero folded on the River
Seat 2: f3abe718 showed [7s 9h] and won (4,682) with Pair of Treys
Seat 3: 1ac8422d (button) folded before Flop
Seat 4: 42ffa08b (small blind) folded before Flop
Seat 5: 6d33ad19 (big blind) folded before Flop
Seat 6: 457c8d4b folded before Flop
Seat 7: 82671565 folded on the Flop
Seat 8: 904d5e28 showed [6c 9d] and won (2,018) with Pair of Treys


Poker Hand #TM3548360720: Tournament #156397207, Bounty Hunters Sunday Big One $1.08 Hold'em No Limit - Level1(50/100) - 2024/08/04 11:38:36
Table '89' 8-max Seat #2 is the button
Seat 1: Hero (10,000 in chips)
Seat 2: f3abe718 (9,637 in chips)
Seat 3: 1ac8422d (9,755 in chips)
Seat 4: 42ffa08b (12,144 in chips)
Seat 5: 6d33ad19 (7,541 in chips)
Seat 6: 457c8d4b (10,193 in chips)
Seat 7: 82671565 (9,192 in chips)
Seat 8: 904d5e28 (10,583 in chips)
1ac8422d: posts the ante 15
82671565: posts the ante 15
904d5e28: posts the ante 15
457c8d4b: posts the ante 15
42ffa08b: posts the ante 15
6d33ad19: posts the ante 15
Hero: posts the ante 15
f3abe718: posts the ante 15
1ac8422d: posts small blind 50
42ffa08b: posts big blind 100
*** HOLE CARDS ***
Dealt to Hero [9s Ah]
Dealt to f3abe718 
Dealt to 1ac8422d 
Dealt to 42ffa08b 
Dealt to 6d33ad19 
Dealt to 457c8d4b 
Dealt to 82671565 
Dealt to 904d5e28 
6d33ad19: folds
457c8d4b: folds
82671565: raises 110 to 210
904d5e28: calls 210
Hero: calls 210
f3abe718: raises 1,110 to 1,320
1ac8422d: folds
42ffa08b: folds
82671565: folds
904d5e28: calls 1,110
Hero: folds
*** FLOP *** [2s Kc 6c]
904d5e28: checks
f3abe718: bets 2,498
904d5e28: raises 6,750 to 9,248 and is all-in
f3abe718: calls 5,804 and is all-in
Uncalled bet (946) returned to 904d5e28
904d5e28: shows [6s 3s] (Pair of Sixes)
f3abe718: shows [Qh Qd] (Pair of Queens)
*** TURN *** [2s Kc 6c] [4d]
*** RIVER *** [2s Kc 6c 4d] [Td]
*** SHOWDOWN ***
f3abe718 collected 19,934 from pot
*** SUMMARY ***
Total pot 19,934 | Rake 0 | Jackpot 0 | Bingo 0 | Fortune 0 | Tax 0
Board [2s Kc 6c 4d Td]
Seat 1: Hero folded before Flop
Seat 2: f3abe718 (button) showed [Qh Qd] and won (19,934) with Pair of Queens
Seat 3: 1ac8422d (small blind) folded before Flop
Seat 4: 42ffa08b (big blind) folded before Flop
Seat 5: 6d33ad19 folded before Flop
Seat 6: 457c8d4b folded before Flop
Seat 7: 82671565 folded before Flop
Seat 8: 904d5e28 showed [6s 3s] and lost with Pair of Sixes


