Poker Hand #TM80685306: Tournament #156657532, Short Deck Bounty Turbo $2.50 ShortDeck No Limit - Level8(160) - 2024/08/05 23:46:59
Table '11' 6-max Seat #2 is the button
Seat 1: 44e22651 (58,026 in chips)
Seat 2: c188295b (6,292 in chips)
Seat 4: 9fab8900 (28,458 in chips)
Seat 5: Hero (9,868 in chips)
Seat 6: 3f1c14c4 (10,000 in chips)
9fab8900: posts the ante 160
c188295b: posts the ante 160
44e22651: posts the ante 160
3f1c14c4: posts the ante 160
Hero: posts the ante 160
c188295b: posts button blind 160
*** HOLE CARDS ***
Dealt to 44e22651 
Dealt to c188295b 
Dealt to 9fab8900 
Dealt to Hero [Tc Ks]
Dealt to 3f1c14c4 
9fab8900: folds
Hero: raises 160 to 320
3f1c14c4: calls 320
44e22651: folds
c188295b: calls 160
*** FLOP *** [8s Js 7s]
Hero: bets 880
3f1c14c4: calls 880
c188295b: calls 880
*** TURN *** [8s Js 7s] [6s]
Hero: bets 2,200
3f1c14c4: calls 2,200
c188295b: folds
*** RIVER *** [8s Js 7s 6s] [Qd]
Hero: bets 6,308 and is all-in
3f1c14c4: calls 6,308
Hero: shows [Tc Ks] (King High Flush)
3f1c14c4: shows [As 6d] (Ace High Flush)
*** SHOWDOWN ***
3f1c14c4 collected 21,416 from pot
*** SUMMARY ***
Total pot 21,416 | Rake 0 | Jackpot 0 | Bingo 0 | Fortune 0 | Tax 0
Board [8s Js 7s 6s Qd]
Seat 1: 44e22651 folded before Flop
Seat 2: c188295b (button) folded on the Turn
Seat 4: 9fab8900 folded before Flop
Seat 5: Hero showed [Tc Ks] and lost with King High Flush
Seat 6: 3f1c14c4 showed [As 6d] and won (21,416) with Ace High Flush


Poker Hand #TM80685305: Tournament #156657532, Short Deck Bounty Turbo $2.50 ShortDeck No Limit - Level8(160) - 2024/08/05 23:46:17
Table '11' 6-max Seat #1 is the button
Seat 1: 44e22651 (58,876 in chips)
Seat 2: c188295b (7,142 in chips)
Seat 3: 3804ad92 (37,337 in chips)
Seat 4: 9fab8900 (22,368 in chips)
Seat 5: Hero (10,028 in chips)
9fab8900: posts the ante 160
3804ad92: posts the ante 160
c188295b: posts the ante 160
44e22651: posts the ante 160
Hero: posts the ante 160
44e22651: posts button blind 160
*** HOLE CARDS ***
Dealt to 44e22651 
Dealt to c188295b 
Dealt to 3804ad92 
Dealt to 9fab8900 
Dealt to Hero [6h 9d]
c188295b: raises 530 to 690
3804ad92: calls 690
9fab8900: calls 690
Hero: folds
44e22651: calls 530
*** FLOP *** [8s 6d Js]
c188295b: checks
3804ad92: bets 800
9fab8900: calls 800
44e22651: folds
c188295b: folds
*** TURN *** [8s 6d Js] [9c]
3804ad92: bets 2,580
9fab8900: raises 18,138 to 20,718 and is all-in
3804ad92: folds
Uncalled bet (18,138) returned to 9fab8900
*** SHOWDOWN ***
9fab8900 collected 10,320 from pot
*** SUMMARY ***
Total pot 10,320 | Rake 0 | Jackpot 0 | Bingo 0 | Fortune 0 | Tax 0
Board [8s 6d Js 9c]
Seat 1: 44e22651 (button) folded on the Flop
Seat 2: c188295b folded on the Flop
Seat 3: 3804ad92 folded on the Turn
Seat 4: 9fab8900 won (10,320)
Seat 5: Hero folded before Flop


Poker Hand #TM80685304: Tournament #156657532, Short Deck Bounty Turbo $2.50 ShortDeck No Limit - Level8(160) - 2024/08/05 23:45:16
Table '11' 6-max Seat #5 is the button
Seat 1: 44e22651 (59,939 in chips)
Seat 2: c188295b (8,205 in chips)
Seat 3: 3804ad92 (37,497 in chips)
Seat 4: 9fab8900 (19,762 in chips)
Seat 5: Hero (10,348 in chips)
9fab8900: posts the ante 160
3804ad92: posts the ante 160
c188295b: posts the ante 160
44e22651: posts the ante 160
Hero: posts the ante 160
Hero: posts button blind 160
*** HOLE CARDS ***
Dealt to 44e22651 
Dealt to c188295b 
Dealt to 3804ad92 
Dealt to 9fab8900 
Dealt to Hero [Tc 6c]
44e22651: calls 160
c188295b: raises 743 to 903
3804ad92: folds
9fab8900: calls 903
Hero: folds
44e22651: calls 743
*** FLOP *** [As Kc 9c]
44e22651: checks
c188295b: checks
9fab8900: checks
*** TURN *** [As Kc 9c] [7s]
44e22651: checks
c188295b: checks
9fab8900: checks
*** RIVER *** [As Kc 9c 7s] [Ts]
44e22651: checks
c188295b: checks
9fab8900: bets 2,752
44e22651: folds
c188295b: folds
Uncalled bet (2,752) returned to 9fab8900
*** SHOWDOWN ***
9fab8900 collected 3,669 from pot
*** SUMMARY ***
Total pot 3,669 | Rake 0 | Jackpot 0 | Bingo 0 | Fortune 0 | Tax 0
Board [As Kc 9c 7s Ts]
Seat 1: 44e22651 folded on the River
Seat 2: c188295b folded on the River
Seat 3: 3804ad92 folded before Flop
Seat 4: 9fab8900 won (3,669)
Seat 5: Hero (button) folded before Flop


Poker Hand #TM80685303: Tournament #156657532, Short Deck Bounty Turbo $2.50 ShortDeck No Limit - Level7(140) - 2024/08/05 23:44:38
Table '11' 6-max Seat #4 is the button
Seat 1: 44e22651 (60,079 in chips)
Seat 3: 3804ad92 (37,637 in chips)
Seat 4: 9fab8900 (13,802 in chips)
Seat 5: Hero (10,488 in chips)
Seat 6: 5b14bd05 (5,540 in chips)
9fab8900: posts the ante 140
3804ad92: posts the ante 140
5b14bd05: posts the ante 140
44e22651: posts the ante 140
Hero: posts the ante 140
9fab8900: posts button blind 140
*** HOLE CARDS ***
Dealt to 44e22651 
Dealt to 3804ad92 
Dealt to 9fab8900 
Dealt to Hero [Td Qs]
Dealt to 5b14bd05 
Hero: folds
5b14bd05: raises 5,260 to 5,400 and is all-in
44e22651: folds
3804ad92: folds
9fab8900: calls 5,260
5b14bd05: shows [Qh Qd]
9fab8900: shows [8d As]
*** FLOP *** [7d 6h 7h]
*** TURN *** [7d 6h 7h] [Ad]
*** RIVER *** [7d 6h 7h Ad] [Kc]
Hero: shows [Qs] (Pair of Sevens)
*** SHOWDOWN ***
9fab8900 collected 11,500 from pot
*** SUMMARY ***
Total pot 11,500 | Rake 0 | Jackpot 0 | Bingo 0 | Fortune 0 | Tax 0
Board [7d 6h 7h Ad Kc]
Seat 1: 44e22651 folded before Flop
Seat 3: 3804ad92 folded before Flop
Seat 4: 9fab8900 (button) showed [8d As] and won (11,500) with Pair of Aces and Pair of Sevens
Seat 5: Hero folded before Flop
Seat 6: 5b14bd05 showed [Qh Qd] and lost with Pair of Queens and Pair of Sevens


Poker Hand #TM80685302: Tournament #156657532, Short Deck Bounty Turbo $2.50 ShortDeck No Limit - Level7(140) - 2024/08/05 23:44:15
Table '11' 6-max Seat #3 is the button
Seat 1: 44e22651 (60,219 in chips)
Seat 3: 3804ad92 (37,917 in chips)
Seat 4: 9fab8900 (13,942 in chips)
Seat 5: Hero (11,138 in chips)
Seat 6: 5b14bd05 (4,330 in chips)
9fab8900: posts the ante 140
3804ad92: posts the ante 140
5b14bd05: posts the ante 140
44e22651: posts the ante 140
Hero: posts the ante 140
3804ad92: posts button blind 140
*** HOLE CARDS ***
Dealt to 44e22651 
Dealt to 3804ad92 
Dealt to 9fab8900 
Dealt to Hero [7c 8s]
Dealt to 5b14bd05 
9fab8900: folds
Hero: calls 140
5b14bd05: raises 370 to 510
44e22651: folds
3804ad92: folds
Hero: calls 370
*** FLOP *** [Ac Jh Jc]
Hero: checks
5b14bd05: bets 930
Hero: folds
Uncalled bet (930) returned to 5b14bd05
*** SHOWDOWN ***
5b14bd05 collected 1,860 from pot
*** SUMMARY ***
Total pot 1,860 | Rake 0 | Jackpot 0 | Bingo 0 | Fortune 0 | Tax 0
Board [Ac Jh Jc]
Seat 1: 44e22651 folded before Flop
Seat 3: 3804ad92 (button) folded before Flop
Seat 4: 9fab8900 folded before Flop
Seat 5: Hero folded on the Flop
Seat 6: 5b14bd05 won (1,860)


Poker Hand #TM80685301: Tournament #156657532, Short Deck Bounty Turbo $2.50 ShortDeck No Limit - Level7(140) - 2024/08/05 23:43:32
Table '11' 6-max Seat #1 is the button
Seat 1: 44e22651 (60,639 in chips)
Seat 2: a212e47d (5,790 in chips)
Seat 3: 3804ad92 (38,057 in chips)
Seat 4: 9fab8900 (19,091 in chips)
Seat 5: Hero (5,149 in chips)
Seat 6: 5b14bd05 (4,470 in chips)
9fab8900: posts the ante 140
3804ad92: posts the ante 140
5b14bd05: posts the ante 140
44e22651: posts the ante 140
a212e47d: posts the ante 140
Hero: posts the ante 140
44e22651: posts button blind 140
*** HOLE CARDS ***
Dealt to 44e22651 
Dealt to a212e47d 
Dealt to 3804ad92 
Dealt to 9fab8900 
Dealt to Hero [6s 7s]
Dealt to 5b14bd05 
a212e47d: folds
3804ad92: folds
9fab8900: raises 140 to 280
Hero: calls 280
5b14bd05: folds
44e22651: calls 140
*** FLOP *** [8c Td 9c]
9fab8900: bets 840
Hero: raises 3,889 to 4,729 and is all-in
44e22651: folds
9fab8900: calls 3,889
Hero: shows [6s 7s] (Tens-High Straight)
9fab8900: shows [Jh Kd] (King-High)
*** TURN *** [8c Td 9c] [Th]
*** RIVER *** [8c Td 9c Th] [Ah]
*** SHOWDOWN ***
Hero collected 11,138 from pot
*** SUMMARY ***
Total pot 11,138 | Rake 0 | Jackpot 0 | Bingo 0 | Fortune 0 | Tax 0
Board [8c Td 9c Th Ah]
Seat 1: 44e22651 (button) folded on the Flop
Seat 2: a212e47d folded before Flop
Seat 3: 3804ad92 folded before Flop
Seat 4: 9fab8900 showed [Jh Kd] and lost with Pair of Tens
Seat 5: Hero showed [6s 7s] and won (11,138) with Tens-High Straight
Seat 6: 5b14bd05 folded before Flop


Poker Hand #TM80685300: Tournament #156657532, Short Deck Bounty Turbo $2.50 ShortDeck No Limit - Level7(140) - 2024/08/05 23:42:44
Table '11' 6-max Seat #6 is the button
Seat 1: 44e22651 (60,919 in chips)
Seat 2: a212e47d (5,930 in chips)
Seat 3: 3804ad92 (31,057 in chips)
Seat 4: 9fab8900 (20,421 in chips)
Seat 5: Hero (5,289 in chips)
Seat 6: 5b14bd05 (9,580 in chips)
9fab8900: posts the ante 140
3804ad92: posts the ante 140
5b14bd05: posts the ante 140
44e22651: posts the ante 140
a212e47d: posts the ante 140
Hero: posts the ante 140
5b14bd05: posts button blind 140
*** HOLE CARDS ***
Dealt to 44e22651 
Dealt to a212e47d 
Dealt to 3804ad92 
Dealt to 9fab8900 
Dealt to Hero [Th 6h]
Dealt to 5b14bd05 
44e22651: calls 140
a212e47d: folds
3804ad92: calls 140
9fab8900: calls 140
Hero: folds
5b14bd05: checks
*** FLOP *** [7s 8c Kd]
44e22651: checks
3804ad92: bets 1,050
9fab8900: calls 1,050
5b14bd05: calls 1,050
44e22651: folds
*** TURN *** [7s 8c Kd] [Ah]
3804ad92: bets 3,780
9fab8900: folds
5b14bd05: calls 3,780
*** RIVER *** [7s 8c Kd Ah] [Kh]
3804ad92: checks
5b14bd05: checks
3804ad92: shows [8d 7d] (Pair of Kings and Pair of Eights)
5b14bd05: shows [Jh Tc] (Pair of Kings)
*** SHOWDOWN ***
3804ad92 collected 12,110 from pot
*** SUMMARY ***
Total pot 12,110 | Rake 0 | Jackpot 0 | Bingo 0 | Fortune 0 | Tax 0
Board [7s 8c Kd Ah Kh]
Seat 1: 44e22651 folded on the Flop
Seat 2: a212e47d folded before Flop
Seat 3: 3804ad92 showed [8d 7d] and won (12,110) with Pair of Kings and Pair of Eights
Seat 4: 9fab8900 folded on the Turn
Seat 5: Hero folded before Flop
Seat 6: 5b14bd05 (button) showed [Jh Tc] and lost with Pair of Kings


Poker Hand #TM80685299: Tournament #156657532, Short Deck Bounty Turbo $2.50 ShortDeck No Limit - Level7(140) - 2024/08/05 23:42:08
Table '11' 6-max Seat #5 is the button
Seat 1: 44e22651 (61,199 in chips)
Seat 2: a212e47d (6,070 in chips)
Seat 3: 3804ad92 (28,817 in chips)
Seat 4: 9fab8900 (20,561 in chips)
Seat 5: Hero (6,829 in chips)
Seat 6: 5b14bd05 (9,720 in chips)
9fab8900: posts the ante 140
3804ad92: posts the ante 140
5b14bd05: posts the ante 140
44e22651: posts the ante 140
a212e47d: posts the ante 140
Hero: posts the ante 140
Hero: posts button blind 140
*** HOLE CARDS ***
Dealt to 44e22651 
Dealt to a212e47d 
Dealt to 3804ad92 
Dealt to 9fab8900 
Dealt to Hero [Ad Qd]
Dealt to 5b14bd05 
5b14bd05: folds
44e22651: calls 140
a212e47d: folds
3804ad92: raises 1,260 to 1,400
9fab8900: folds
Hero: calls 1,260
44e22651: folds
*** FLOP *** [7h Js Jd]
3804ad92: bets 27,277 and is all-in
Hero: folds
Uncalled bet (27,277) returned to 3804ad92
*** SHOWDOWN ***
3804ad92 collected 3,780 from pot
*** SUMMARY ***
Total pot 3,780 | Rake 0 | Jackpot 0 | Bingo 0 | Fortune 0 | Tax 0
Board [7h Js Jd]
Seat 1: 44e22651 folded before Flop
Seat 2: a212e47d folded before Flop
Seat 3: 3804ad92 won (3,780)
Seat 4: 9fab8900 folded before Flop
Seat 5: Hero (button) folded on the Flop
Seat 6: 5b14bd05 folded before Flop


Poker Hand #TM80685298: Tournament #156657532, Short Deck Bounty Turbo $2.50 ShortDeck No Limit - Level7(140) - 2024/08/05 23:41:35
Table '11' 6-max Seat #4 is the button
Seat 1: 44e22651 (60,219 in chips)
Seat 2: a212e47d (6,210 in chips)
Seat 3: 3804ad92 (28,957 in chips)
Seat 4: 9fab8900 (20,841 in chips)
Seat 5: Hero (6,969 in chips)
Seat 6: 5b14bd05 (10,000 in chips)
9fab8900: posts the ante 140
3804ad92: posts the ante 140
5b14bd05: posts the ante 140
44e22651: posts the ante 140
a212e47d: posts the ante 140
Hero: posts the ante 140
9fab8900: posts button blind 140
*** HOLE CARDS ***
Dealt to 44e22651 
Dealt to a212e47d 
Dealt to 3804ad92 
Dealt to 9fab8900 
Dealt to Hero [Qh Tc]
Dealt to 5b14bd05 
Hero: folds
5b14bd05: calls 140
44e22651: calls 140
a212e47d: folds
3804ad92: folds
9fab8900: checks
*** FLOP *** [Ac Ah 9d]
5b14bd05: checks
44e22651: bets 504
9fab8900: folds
5b14bd05: folds
Uncalled bet (504) returned to 44e22651
*** SHOWDOWN ***
44e22651 collected 1,260 from pot
*** SUMMARY ***
Total pot 1,260 | Rake 0 | Jackpot 0 | Bingo 0 | Fortune 0 | Tax 0
Board [Ac Ah 9d]
Seat 1: 44e22651 won (1,260)
Seat 2: a212e47d folded before Flop
Seat 3: 3804ad92 folded before Flop
Seat 4: 9fab8900 (button) folded on the Flop
Seat 5: Hero folded before Flop
Seat 6: 5b14bd05 folded on the Flop


Poker Hand #TM80685297: Tournament #156657532, Short Deck Bounty Turbo $2.50 ShortDeck No Limit - Level7(140) - 2024/08/05 23:41:04
Table '11' 6-max Seat #3 is the button
Seat 1: 44e22651 (58,245 in chips)
Seat 2: a212e47d (6,350 in chips)
Seat 3: 3804ad92 (30,511 in chips)
Seat 4: 9fab8900 (20,981 in chips)
Seat 5: Hero (7,109 in chips)
9fab8900: posts the ante 140
3804ad92: posts the ante 140
44e22651: posts the ante 140
a212e47d: posts the ante 140
Hero: posts the ante 140
3804ad92: posts button blind 140
*** HOLE CARDS ***
Dealt to 44e22651 
Dealt to a212e47d 
Dealt to 3804ad92 
Dealt to 9fab8900 
Dealt to Hero [Js 9d]
9fab8900: folds
Hero: folds
44e22651: raises 392 to 532
a212e47d: folds
3804ad92: calls 392
*** FLOP *** [Jc 7h Kc]
44e22651: bets 882
3804ad92: calls 882
*** TURN *** [Jc 7h Kc] [6s]
44e22651: bets 1,764
3804ad92: folds
Uncalled bet (1,764) returned to 44e22651
*** SHOWDOWN ***
44e22651 collected 3,528 from pot
*** SUMMARY ***
Total pot 3,528 | Rake 0 | Jackpot 0 | Bingo 0 | Fortune 0 | Tax 0
Board [Jc 7h Kc 6s]
Seat 1: 44e22651 won (3,528)
Seat 2: a212e47d folded before Flop
Seat 3: 3804ad92 (button) folded on the Turn
Seat 4: 9fab8900 folded before Flop
Seat 5: Hero folded before Flop


Poker Hand #TM80685296: Tournament #156657532, Short Deck Bounty Turbo $2.50 ShortDeck No Limit - Level6(120) - 2024/08/05 23:39:49
Table '11' 6-max Seat #2 is the button
Seat 2: a212e47d (6,590 in chips)
Seat 3: 3804ad92 (12,845 in chips)
Seat 4: 9fab8900 (33,826 in chips)
Seat 5: Hero (7,349 in chips)
Seat 6: 40948a28 (4,341 in chips)
40948a28: posts the ante 120
9fab8900: posts the ante 120
3804ad92: posts the ante 120
a212e47d: posts the ante 120
Hero: posts the ante 120
a212e47d: posts button blind 120
*** HOLE CARDS ***
Dealt to a212e47d 
Dealt to 3804ad92 
Dealt to 9fab8900 
Dealt to Hero [8s 6c]
Dealt to 40948a28 
3804ad92: calls 120
9fab8900: calls 120
Hero: calls 120
40948a28: raises 4,101 to 4,221 and is all-in
a212e47d: folds
3804ad92: calls 4,101
9fab8900: calls 4,101
Hero: folds
*** FLOP *** [8d 7c 9c]
3804ad92: bets 8,504 and is all-in
9fab8900: calls 8,504
3804ad92: shows [Ts Kh] (King-High)
9fab8900: shows [Qc 9s] (Pair of Nines)
40948a28: shows [Qh Td] (Queen-High)
*** TURN *** [8d 7c 9c] [7s]
*** RIVER *** [8d 7c 9c 7s] [Kc]
*** SHOWDOWN ***
3804ad92 collected 13,503 from pot
3804ad92 collected 17,008 from pot
*** SUMMARY ***
Total pot 30,511 | Rake 0 | Jackpot 0 | Bingo 0 | Fortune 0 | Tax 0
Board [8d 7c 9c 7s Kc]
Seat 2: a212e47d (button) folded before Flop
Seat 3: 3804ad92 showed [Ts Kh] and won (30,511) with Pair of Kings and Pair of Sevens
Seat 4: 9fab8900 showed [Qc 9s] and lost with Pair of Nines and Pair of Sevens
Seat 5: Hero folded before Flop
Seat 6: 40948a28 showed [Qh Td] and lost with Pair of Sevens


Poker Hand #TM80685295: Tournament #156657532, Short Deck Bounty Turbo $2.50 ShortDeck No Limit - Level6(120) - 2024/08/05 23:39:08
Table '11' 6-max Seat #1 is the button
Seat 1: 96fe0d33 (7,814 in chips)
Seat 2: a212e47d (6,710 in chips)
Seat 3: 3804ad92 (13,085 in chips)
Seat 4: 9fab8900 (33,946 in chips)
Seat 5: Hero (7,589 in chips)
Seat 6: 40948a28 (12,155 in chips)
40948a28: posts the ante 120
9fab8900: posts the ante 120
3804ad92: posts the ante 120
a212e47d: posts the ante 120
96fe0d33: posts the ante 120
Hero: posts the ante 120
96fe0d33: posts button blind 120
*** HOLE CARDS ***
Dealt to 96fe0d33 
Dealt to a212e47d 
Dealt to 3804ad92 
Dealt to 9fab8900 
Dealt to Hero [6s Ad]
Dealt to 40948a28 
a212e47d: folds
3804ad92: calls 120
9fab8900: folds
Hero: calls 120
40948a28: raises 900 to 1,020
96fe0d33: raises 6,674 to 7,694 and is all-in
3804ad92: folds
Hero: folds
40948a28: calls 6,674
96fe0d33: shows [Kh Js]
40948a28: shows [Th Td]
*** FLOP *** [Qc Ks Qs]
*** TURN *** [Qc Ks Qs] [Jc]
*** RIVER *** [Qc Ks Qs Jc] [Jd]
9fab8900: shows [Ts] (Pair of Queens and Pair of Jacks)
*** SHOWDOWN ***
96fe0d33 collected 16,348 from pot
*** SUMMARY ***
Total pot 16,348 | Rake 0 | Jackpot 0 | Bingo 0 | Fortune 0 | Tax 0
Board [Qc Ks Qs Jc Jd]
Seat 1: 96fe0d33 (button) showed [Kh Js] and won (16,348) with Jacks Full over Kings
Seat 2: a212e47d folded before Flop
Seat 3: 3804ad92 folded before Flop
Seat 4: 9fab8900 folded before Flop
Seat 5: Hero folded before Flop
Seat 6: 40948a28 showed [Th Td] and lost with Pair of Queens and Pair of Jacks


Poker Hand #TM80685294: Tournament #156657532, Short Deck Bounty Turbo $2.50 ShortDeck No Limit - Level6(120) - 2024/08/05 23:38:13
Table '11' 6-max Seat #6 is the button
Seat 1: 96fe0d33 (11,259 in chips)
Seat 2: a212e47d (6,830 in chips)
Seat 3: 3804ad92 (13,205 in chips)
Seat 4: 9fab8900 (26,696 in chips)
Seat 5: Hero (7,709 in chips)
Seat 6: 40948a28 (15,600 in chips)
40948a28: posts the ante 120
9fab8900: posts the ante 120
3804ad92: posts the ante 120
a212e47d: posts the ante 120
96fe0d33: posts the ante 120
Hero: posts the ante 120
40948a28: posts button blind 120
*** HOLE CARDS ***
Dealt to 96fe0d33 
Dealt to a212e47d 
Dealt to 3804ad92 
Dealt to 9fab8900 
Dealt to Hero [Kh 8s]
Dealt to 40948a28 
96fe0d33: calls 120
a212e47d: folds
3804ad92: folds
9fab8900: raises 540 to 660
Hero: folds
40948a28: calls 540
96fe0d33: calls 540
*** FLOP *** [Ad Qc Ks]
96fe0d33: checks
9fab8900: bets 891
40948a28: calls 891
96fe0d33: calls 891
*** TURN *** [Ad Qc Ks] [Jh]
96fe0d33: checks
9fab8900: checks
40948a28: bets 1,774
96fe0d33: calls 1,774
9fab8900: raises 23,251 to 25,025 and is all-in
40948a28: folds
96fe0d33: folds
Uncalled bet (23,251) returned to 9fab8900
*** SHOWDOWN ***
9fab8900 collected 10,695 from pot
*** SUMMARY ***
Total pot 10,695 | Rake 0 | Jackpot 0 | Bingo 0 | Fortune 0 | Tax 0
Board [Ad Qc Ks Jh]
Seat 1: 96fe0d33 folded on the Turn
Seat 2: a212e47d folded before Flop
Seat 3: 3804ad92 folded before Flop
Seat 4: 9fab8900 won (10,695)
Seat 5: Hero folded before Flop
Seat 6: 40948a28 (button) folded on the Turn


Poker Hand #TM80685293: Tournament #156657532, Short Deck Bounty Turbo $2.50 ShortDeck No Limit - Level6(120) - 2024/08/05 23:36:45
Table '11' 6-max Seat #5 is the button
Seat 1: 96fe0d33 (12,219 in chips)
Seat 2: a212e47d (6,950 in chips)
Seat 3: 3804ad92 (14,165 in chips)
Seat 4: 9fab8900 (27,656 in chips)
Seat 5: Hero (8,669 in chips)
Seat 6: 40948a28 (11,640 in chips)
40948a28: posts the ante 120
9fab8900: posts the ante 120
3804ad92: posts the ante 120
a212e47d: posts the ante 120
96fe0d33: posts the ante 120
Hero: posts the ante 120
Hero: posts button blind 120
*** HOLE CARDS ***
Dealt to 96fe0d33 
Dealt to a212e47d 
Dealt to 3804ad92 
Dealt to 9fab8900 
Dealt to Hero [Ts Ks]
Dealt to 40948a28 
40948a28: raises 720 to 840
96fe0d33: calls 840
a212e47d: folds
3804ad92: calls 840
9fab8900: calls 840
Hero: calls 720
*** FLOP *** [Jc Jh 8d]
40948a28: checks
96fe0d33: checks
3804ad92: checks
9fab8900: checks
Hero: checks
*** TURN *** [Jc Jh 8d] [9d]
40948a28: checks
96fe0d33: checks
3804ad92: checks
9fab8900: checks
Hero: checks
*** RIVER *** [Jc Jh 8d 9d] [Kd]
40948a28: checks
96fe0d33: checks
3804ad92: checks
9fab8900: checks
Hero: checks
40948a28: shows [Qh Kc] (Pair of Kings and Pair of Jacks)
96fe0d33: shows [Qc 9c] (Pair of Jacks and Pair of Nines)
3804ad92: shows [Ah 7h] (Pair of Jacks)
9fab8900: shows [Qs 6s] (Pair of Jacks)
Hero: shows [Ts Ks] (Pair of Kings and Pair of Jacks)
*** SHOWDOWN ***
40948a28 collected 4,920 from pot
*** SUMMARY ***
Total pot 4,920 | Rake 0 | Jackpot 0 | Bingo 0 | Fortune 0 | Tax 0
Board [Jc Jh 8d 9d Kd]
Seat 1: 96fe0d33 showed [Qc 9c] and lost with Pair of Jacks and Pair of Nines
Seat 2: a212e47d folded before Flop
Seat 3: 3804ad92 showed [Ah 7h] and lost with Pair of Jacks
Seat 4: 9fab8900 showed [Qs 6s] and lost with Pair of Jacks
Seat 5: Hero (button) showed [Ts Ks] and lost with Pair of Kings and Pair of Jacks
Seat 6: 40948a28 showed [Qh Kc] and won (4,920) with Pair of Kings and Pair of Jacks


Poker Hand #TM80685292: Tournament #156657532, Short Deck Bounty Turbo $2.50 ShortDeck No Limit - Level6(120) - 2024/08/05 23:36:27
Table '11' 6-max Seat #4 is the button
Seat 1: 96fe0d33 (12,339 in chips)
Seat 2: a212e47d (7,070 in chips)
Seat 3: 3804ad92 (13,325 in chips)
Seat 4: 9fab8900 (27,896 in chips)
Seat 5: Hero (8,909 in chips)
Seat 6: 40948a28 (11,760 in chips)
40948a28: posts the ante 120
9fab8900: posts the ante 120
3804ad92: posts the ante 120
a212e47d: posts the ante 120
96fe0d33: posts the ante 120
Hero: posts the ante 120
9fab8900: posts button blind 120
*** HOLE CARDS ***
Dealt to 96fe0d33 
Dealt to a212e47d 
Dealt to 3804ad92 
Dealt to 9fab8900 
Dealt to Hero [9c 9s]
Dealt to 40948a28 
Hero: calls 120
40948a28: folds
96fe0d33: folds
a212e47d: folds
3804ad92: raises 13,085 to 13,205 and is all-in
9fab8900: folds
Hero: folds
Uncalled bet (13,085) returned to 3804ad92
*** SHOWDOWN ***
3804ad92 collected 1,080 from pot
*** SUMMARY ***
Total pot 1,080 | Rake 0 | Jackpot 0 | Bingo 0 | Fortune 0 | Tax 0
Seat 1: 96fe0d33 folded before Flop
Seat 2: a212e47d folded before Flop
Seat 3: 3804ad92 collected (1,080)
Seat 4: 9fab8900 (button) folded before Flop
Seat 5: Hero folded before Flop
Seat 6: 40948a28 folded before Flop


Poker Hand #TM80685291: Tournament #156657532, Short Deck Bounty Turbo $2.50 ShortDeck No Limit - Level6(120) - 2024/08/05 23:35:31
Table '11' 6-max Seat #3 is the button
Seat 1: 96fe0d33 (11,979 in chips)
Seat 2: a212e47d (7,190 in chips)
Seat 3: 3804ad92 (13,565 in chips)
Seat 4: 9fab8900 (28,136 in chips)
Seat 5: Hero (8,549 in chips)
Seat 6: 40948a28 (11,880 in chips)
40948a28: posts the ante 120
9fab8900: posts the ante 120
3804ad92: posts the ante 120
a212e47d: posts the ante 120
96fe0d33: posts the ante 120
Hero: posts the ante 120
3804ad92: posts button blind 120
*** HOLE CARDS ***
Dealt to 96fe0d33 
Dealt to a212e47d 
Dealt to 3804ad92 
Dealt to 9fab8900 
Dealt to Hero [As Td]
Dealt to 40948a28 
9fab8900: calls 120
Hero: calls 120
40948a28: folds
96fe0d33: calls 120
a212e47d: folds
3804ad92: checks
*** FLOP *** [Qs 7c Kh]
9fab8900: checks
Hero: checks
96fe0d33: checks
3804ad92: checks
*** TURN *** [Qs 7c Kh] [Ac]
9fab8900: checks
Hero: checks
96fe0d33: checks
3804ad92: checks
*** RIVER *** [Qs 7c Kh Ac] [Jd]
9fab8900: checks
Hero: bets 600
96fe0d33: raises 11,139 to 11,739 and is all-in
3804ad92: folds
9fab8900: folds
Hero: calls 7,709 and is all-in
Uncalled bet (3,430) returned to 96fe0d33
96fe0d33: shows [Tc 9d] (Aces-High Straight)
Hero: shows [As Td] (Aces-High Straight)
*** SHOWDOWN ***
96fe0d33 collected 8,909 from pot
Hero collected 8,909 from pot
*** SUMMARY ***
Total pot 17,818 | Rake 0 | Jackpot 0 | Bingo 0 | Fortune 0 | Tax 0
Board [Qs 7c Kh Ac Jd]
Seat 1: 96fe0d33 showed [Tc 9d] and won (8,909) with Aces-High Straight
Seat 2: a212e47d folded before Flop
Seat 3: 3804ad92 (button) folded on the River
Seat 4: 9fab8900 folded on the River
Seat 5: Hero showed [As Td] and won (8,909) with Aces-High Straight
Seat 6: 40948a28 folded before Flop


Poker Hand #TM80685290: Tournament #156657532, Short Deck Bounty Turbo $2.50 ShortDeck No Limit - Level6(120) - 2024/08/05 23:35:05
Table '11' 6-max Seat #2 is the button
Seat 1: 96fe0d33 (10,899 in chips)
Seat 2: a212e47d (7,430 in chips)
Seat 3: 3804ad92 (13,805 in chips)
Seat 4: 9fab8900 (28,376 in chips)
Seat 5: Hero (8,789 in chips)
Seat 6: 40948a28 (12,000 in chips)
40948a28: posts the ante 120
9fab8900: posts the ante 120
3804ad92: posts the ante 120
a212e47d: posts the ante 120
96fe0d33: posts the ante 120
Hero: posts the ante 120
a212e47d: posts button blind 120
*** HOLE CARDS ***
Dealt to 96fe0d33 
Dealt to a212e47d 
Dealt to 3804ad92 
Dealt to 9fab8900 
Dealt to Hero [Ac Ts]
Dealt to 40948a28 
3804ad92: calls 120
9fab8900: calls 120
Hero: calls 120
40948a28: folds
96fe0d33: raises 10,659 to 10,779 and is all-in
a212e47d: folds
3804ad92: folds
9fab8900: folds
Hero: folds
Uncalled bet (10,659) returned to 96fe0d33
*** SHOWDOWN ***
96fe0d33 collected 1,320 from pot
*** SUMMARY ***
Total pot 1,320 | Rake 0 | Jackpot 0 | Bingo 0 | Fortune 0 | Tax 0
Seat 1: 96fe0d33 collected (1,320)
Seat 2: a212e47d (button) folded before Flop
Seat 3: 3804ad92 folded before Flop
Seat 4: 9fab8900 folded before Flop
Seat 5: Hero folded before Flop
Seat 6: 40948a28 folded before Flop


Poker Hand #TM80685289: Tournament #156657532, Short Deck Bounty Turbo $2.50 ShortDeck No Limit - Level5(100) - 2024/08/05 23:34:11
Table '11' 6-max Seat #1 is the button
Seat 1: 96fe0d33 (11,099 in chips)
Seat 2: a212e47d (7,530 in chips)
Seat 3: 3804ad92 (27,743 in chips)
Seat 4: 9fab8900 (13,938 in chips)
Seat 5: Hero (8,889 in chips)
Seat 6: 40948a28 (12,100 in chips)
40948a28: posts the ante 100
9fab8900: posts the ante 100
3804ad92: posts the ante 100
a212e47d: posts the ante 100
96fe0d33: posts the ante 100
Hero: posts the ante 100
96fe0d33: posts button blind 100
*** HOLE CARDS ***
Dealt to 96fe0d33 
Dealt to a212e47d 
Dealt to 3804ad92 
Dealt to 9fab8900 
Dealt to Hero [9d Ac]
Dealt to 40948a28 
a212e47d: folds
3804ad92: raises 800 to 900
9fab8900: calls 900
Hero: folds
40948a28: folds
96fe0d33: folds
*** FLOP *** [8h 7h Kh]
3804ad92: bets 1,250
9fab8900: calls 1,250
*** TURN *** [8h 7h Kh] [Tc]
3804ad92: bets 2,500
9fab8900: calls 2,500
*** RIVER *** [8h 7h Kh Tc] [As]
3804ad92: bets 22,993 and is all-in
9fab8900: calls 9,188 and is all-in
Uncalled bet (13,805) returned to 3804ad92
3804ad92: shows [Kd Qc] (Pair of Kings)
9fab8900: shows [6h Ah] (Ace High Flush)
*** SHOWDOWN ***
9fab8900 collected 28,376 from pot
*** SUMMARY ***
Total pot 28,376 | Rake 0 | Jackpot 0 | Bingo 0 | Fortune 0 | Tax 0
Board [8h 7h Kh Tc As]
Seat 1: 96fe0d33 (button) folded before Flop
Seat 2: a212e47d folded before Flop
Seat 3: 3804ad92 showed [Kd Qc] and lost with Pair of Kings
Seat 4: 9fab8900 showed [6h Ah] and won (28,376) with Ace High Flush
Seat 5: Hero folded before Flop
Seat 6: 40948a28 folded before Flop


Poker Hand #TM80685288: Tournament #156657532, Short Deck Bounty Turbo $2.50 ShortDeck No Limit - Level5(100) - 2024/08/05 23:33:33
Table '11' 6-max Seat #6 is the button
Seat 1: 96fe0d33 (11,199 in chips)
Seat 2: a212e47d (7,630 in chips)
Seat 3: 3804ad92 (27,143 in chips)
Seat 4: 9fab8900 (14,038 in chips)
Seat 5: Hero (8,989 in chips)
Seat 6: 40948a28 (12,300 in chips)
40948a28: posts the ante 100
9fab8900: posts the ante 100
3804ad92: posts the ante 100
a212e47d: posts the ante 100
96fe0d33: posts the ante 100
Hero: posts the ante 100
40948a28: posts button blind 100
*** HOLE CARDS ***
Dealt to 96fe0d33 
Dealt to a212e47d 
Dealt to 3804ad92 
Dealt to 9fab8900 
Dealt to Hero [Qh 6h]
Dealt to 40948a28 
96fe0d33: folds
a212e47d: folds
3804ad92: raises 26,943 to 27,043 and is all-in
9fab8900: folds
Hero: folds
40948a28: folds
Uncalled bet (26,943) returned to 3804ad92
*** SHOWDOWN ***
3804ad92 collected 800 from pot
*** SUMMARY ***
Total pot 800 | Rake 0 | Jackpot 0 | Bingo 0 | Fortune 0 | Tax 0
Seat 1: 96fe0d33 folded before Flop
Seat 2: a212e47d folded before Flop
Seat 3: 3804ad92 collected (800)
Seat 4: 9fab8900 folded before Flop
Seat 5: Hero folded before Flop
Seat 6: 40948a28 (button) folded before Flop


Poker Hand #TM80685287: Tournament #156657532, Short Deck Bounty Turbo $2.50 ShortDeck No Limit - Level5(100) - 2024/08/05 23:33:05
Table '11' 6-max Seat #5 is the button
Seat 1: 96fe0d33 (10,499 in chips)
Seat 2: a212e47d (7,730 in chips)
Seat 3: 3804ad92 (27,243 in chips)
Seat 4: 9fab8900 (14,138 in chips)
Seat 5: Hero (9,189 in chips)
Seat 6: 40948a28 (12,500 in chips)
40948a28: posts the ante 100
9fab8900: posts the ante 100
3804ad92: posts the ante 100
a212e47d: posts the ante 100
96fe0d33: posts the ante 100
Hero: posts the ante 100
Hero: posts button blind 100
*** HOLE CARDS ***
Dealt to 96fe0d33 
Dealt to a212e47d 
Dealt to 3804ad92 
Dealt to 9fab8900 
Dealt to Hero [Kh 9h]
Dealt to 40948a28 
40948a28: calls 100
96fe0d33: raises 10,299 to 10,399 and is all-in
a212e47d: folds
3804ad92: folds
9fab8900: folds
Hero: folds
40948a28: folds
Uncalled bet (10,299) returned to 96fe0d33
*** SHOWDOWN ***
96fe0d33 collected 900 from pot
*** SUMMARY ***
Total pot 900 | Rake 0 | Jackpot 0 | Bingo 0 | Fortune 0 | Tax 0
Seat 1: 96fe0d33 collected (900)
Seat 2: a212e47d folded before Flop
Seat 3: 3804ad92 folded before Flop
Seat 4: 9fab8900 folded before Flop
Seat 5: Hero (button) folded before Flop
Seat 6: 40948a28 folded before Flop


Poker Hand #TM80685286: Tournament #156657532, Short Deck Bounty Turbo $2.50 ShortDeck No Limit - Level5(100) - 2024/08/05 23:31:56
Table '11' 6-max Seat #4 is the button
Seat 1: 96fe0d33 (10,599 in chips)
Seat 2: a212e47d (7,830 in chips)
Seat 3: 3804ad92 (27,343 in chips)
Seat 4: 9fab8900 (16,138 in chips)
Seat 5: Hero (9,389 in chips)
Seat 6: 40948a28 (10,000 in chips)
40948a28: posts the ante 100
9fab8900: posts the ante 100
3804ad92: posts the ante 100
a212e47d: posts the ante 100
96fe0d33: posts the ante 100
Hero: posts the ante 100
9fab8900: posts button blind 100
*** HOLE CARDS ***
Dealt to 96fe0d33 
Dealt to a212e47d 
Dealt to 3804ad92 
Dealt to 9fab8900 
Dealt to Hero [Ts Kh]
Dealt to 40948a28 
Hero: calls 100
40948a28: calls 100
96fe0d33: folds
a212e47d: folds
3804ad92: folds
9fab8900: checks
*** FLOP *** [Ah 8s 7d]
Hero: checks
40948a28: checks
9fab8900: checks
*** TURN *** [Ah 8s 7d] [Js]
Hero: checks
40948a28: checks
9fab8900: bets 450
Hero: folds
40948a28: raises 1,350 to 1,800
9fab8900: calls 1,350
*** RIVER *** [Ah 8s 7d Js] [9s]
40948a28: bets 8,000 and is all-in
9fab8900: folds
Uncalled bet (8,000) returned to 40948a28
*** SHOWDOWN ***
40948a28 collected 4,500 from pot
*** SUMMARY ***
Total pot 4,500 | Rake 0 | Jackpot 0 | Bingo 0 | Fortune 0 | Tax 0
Board [Ah 8s 7d Js 9s]
Seat 1: 96fe0d33 folded before Flop
Seat 2: a212e47d folded before Flop
Seat 3: 3804ad92 folded before Flop
Seat 4: 9fab8900 (button) folded on the River
Seat 5: Hero folded on the Turn
Seat 6: 40948a28 won (4,500)


Poker Hand #TM80685285: Tournament #156657532, Short Deck Bounty Turbo $2.50 ShortDeck No Limit - Level5(100) - 2024/08/05 23:30:49
Table '11' 6-max Seat #3 is the button
Seat 1: 96fe0d33 (10,699 in chips)
Seat 2: a212e47d (7,930 in chips)
Seat 3: 3804ad92 (15,743 in chips)
Seat 4: 9fab8900 (17,338 in chips)
Seat 5: Hero (9,589 in chips)
Seat 6: 5cc0adec (10,000 in chips)
5cc0adec: posts the ante 100
9fab8900: posts the ante 100
3804ad92: posts the ante 100
a212e47d: posts the ante 100
96fe0d33: posts the ante 100
Hero: posts the ante 100
3804ad92: posts button blind 100
*** HOLE CARDS ***
Dealt to 96fe0d33 
Dealt to a212e47d 
Dealt to 3804ad92 
Dealt to 9fab8900 
Dealt to Hero [8c As]
Dealt to 5cc0adec 
9fab8900: calls 100
Hero: calls 100
5cc0adec: calls 100
96fe0d33: folds
a212e47d: folds
3804ad92: raises 1,000 to 1,100
9fab8900: calls 1,000
Hero: folds
5cc0adec: calls 1,000
*** FLOP *** [9c 6h Jh]
9fab8900: checks
5cc0adec: checks
3804ad92: bets 3,000
9fab8900: folds
5cc0adec: raises 5,800 to 8,800 and is all-in
3804ad92: calls 5,800
5cc0adec: shows [Tc Kc] (King-High)
3804ad92: shows [Th Kh] (King-High)
*** TURN *** [9c 6h Jh] [7h]
*** RIVER *** [9c 6h Jh 7h] [8s]
*** SHOWDOWN ***
3804ad92 collected 21,600 from pot
*** SUMMARY ***
Total pot 21,600 | Rake 0 | Jackpot 0 | Bingo 0 | Fortune 0 | Tax 0
Board [9c 6h Jh 7h 8s]
Seat 1: 96fe0d33 folded before Flop
Seat 2: a212e47d folded before Flop
Seat 3: 3804ad92 (button) showed [Th Kh] and won (21,600) with King High Flush
Seat 4: 9fab8900 folded on the Flop
Seat 5: Hero folded before Flop
Seat 6: 5cc0adec showed [Tc Kc] and lost with Jacks-High Straight


Poker Hand #TM80685284: Tournament #156657532, Short Deck Bounty Turbo $2.50 ShortDeck No Limit - Level5(100) - 2024/08/05 23:30:05
Table '11' 6-max Seat #2 is the button
Seat 1: 96fe0d33 (10,799 in chips)
Seat 2: a212e47d (8,130 in chips)
Seat 3: 3804ad92 (24,212 in chips)
Seat 4: 9fab8900 (8,469 in chips)
Seat 5: Hero (9,689 in chips)
9fab8900: posts the ante 100
3804ad92: posts the ante 100
a212e47d: posts the ante 100
96fe0d33: posts the ante 100
Hero: posts the ante 100
a212e47d: posts button blind 100
*** HOLE CARDS ***
Dealt to 96fe0d33 
Dealt to a212e47d 
Dealt to 3804ad92 
Dealt to 9fab8900 
Dealt to Hero [6h 9d]
3804ad92: raises 800 to 900
9fab8900: calls 900
Hero: folds
96fe0d33: folds
a212e47d: folds
*** FLOP *** [9s Js 6s]
3804ad92: bets 1,200
9fab8900: raises 4,800 to 6,000
3804ad92: raises 17,212 to 23,212 and is all-in
9fab8900: calls 1,469 and is all-in
Uncalled bet (15,743) returned to 3804ad92
3804ad92: shows [Ks Jd] (Pair of Jacks)
9fab8900: shows [8d As] (Ace-High)
*** TURN *** [9s Js 6s] [Jh]
*** RIVER *** [9s Js 6s Jh] [7d]
*** SHOWDOWN ***
9fab8900 collected 17,338 from pot
*** SUMMARY ***
Total pot 17,338 | Rake 0 | Jackpot 0 | Bingo 0 | Fortune 0 | Tax 0
Board [9s Js 6s Jh 7d]
Seat 1: 96fe0d33 folded before Flop
Seat 2: a212e47d (button) folded before Flop
Seat 3: 3804ad92 showed [Ks Jd] and lost with Three Jacks
Seat 4: 9fab8900 showed [8d As] and won (17,338) with Nines-High Straight
Seat 5: Hero folded before Flop


Poker Hand #TM80685283: Tournament #156657532, Short Deck Bounty Turbo $2.50 ShortDeck No Limit - Level4(80) - 2024/08/05 23:29:33
Table '11' 6-max Seat #1 is the button
Seat 1: 96fe0d33 (11,119 in chips)
Seat 2: a212e47d (8,210 in chips)
Seat 3: 3804ad92 (24,292 in chips)
Seat 4: 9fab8900 (8,549 in chips)
Seat 5: Hero (9,129 in chips)
9fab8900: posts the ante 80
3804ad92: posts the ante 80
a212e47d: posts the ante 80
96fe0d33: posts the ante 80
Hero: posts the ante 80
96fe0d33: posts button blind 80
*** HOLE CARDS ***
Dealt to 96fe0d33 
Dealt to a212e47d 
Dealt to 3804ad92 
Dealt to 9fab8900 
Dealt to Hero [Ks Jh]
a212e47d: folds
3804ad92: folds
9fab8900: folds
Hero: raises 80 to 160
96fe0d33: calls 80
*** FLOP *** [Kc 6c Kh]
Hero: bets 80
96fe0d33: calls 80
*** TURN *** [Kc 6c Kh] [Ah]
Hero: checks
96fe0d33: checks
*** RIVER *** [Kc 6c Kh Ah] [Td]
Hero: bets 440
96fe0d33: folds
Uncalled bet (440) returned to Hero
*** SHOWDOWN ***
Hero collected 880 from pot
*** SUMMARY ***
Total pot 880 | Rake 0 | Jackpot 0 | Bingo 0 | Fortune 0 | Tax 0
Board [Kc 6c Kh Ah Td]
Seat 1: 96fe0d33 (button) folded on the River
Seat 2: a212e47d folded before Flop
Seat 3: 3804ad92 folded before Flop
Seat 4: 9fab8900 folded before Flop
Seat 5: Hero won (880)


Poker Hand #TM80685282: Tournament #156657532, Short Deck Bounty Turbo $2.50 ShortDeck No Limit - Level4(80) - 2024/08/05 23:29:18
Table '11' 6-max Seat #5 is the button
Seat 1: 96fe0d33 (11,199 in chips)
Seat 2: a212e47d (8,290 in chips)
Seat 3: 3804ad92 (23,892 in chips)
Seat 4: 9fab8900 (8,629 in chips)
Seat 5: Hero (9,289 in chips)
9fab8900: posts the ante 80
3804ad92: posts the ante 80
a212e47d: posts the ante 80
96fe0d33: posts the ante 80
Hero: posts the ante 80
Hero: posts button blind 80
*** HOLE CARDS ***
Dealt to 96fe0d33 
Dealt to a212e47d 
Dealt to 3804ad92 
Dealt to 9fab8900 
Dealt to Hero [9s 7c]
96fe0d33: folds
a212e47d: folds
3804ad92: raises 720 to 800
9fab8900: folds
Hero: folds
Uncalled bet (720) returned to 3804ad92
*** SHOWDOWN ***
3804ad92 collected 560 from pot
*** SUMMARY ***
Total pot 560 | Rake 0 | Jackpot 0 | Bingo 0 | Fortune 0 | Tax 0
Seat 1: 96fe0d33 folded before Flop
Seat 2: a212e47d folded before Flop
Seat 3: 3804ad92 collected (560)
Seat 4: 9fab8900 folded before Flop
Seat 5: Hero (button) folded before Flop


Poker Hand #TM80685281: Tournament #156657532, Short Deck Bounty Turbo $2.50 ShortDeck No Limit - Level4(80) - 2024/08/05 23:29:04
Table '11' 6-max Seat #4 is the button
Seat 1: 96fe0d33 (10,799 in chips)
Seat 2: a212e47d (8,370 in chips)
Seat 3: 3804ad92 (23,972 in chips)
Seat 4: 9fab8900 (8,789 in chips)
Seat 5: Hero (9,369 in chips)
9fab8900: posts the ante 80
3804ad92: posts the ante 80
a212e47d: posts the ante 80
96fe0d33: posts the ante 80
Hero: posts the ante 80
9fab8900: posts button blind 80
*** HOLE CARDS ***
Dealt to 96fe0d33 
Dealt to a212e47d 
Dealt to 3804ad92 
Dealt to 9fab8900 
Dealt to Hero [Tc 8c]
Hero: folds
96fe0d33: raises 10,639 to 10,719 and is all-in
a212e47d: folds
3804ad92: folds
9fab8900: folds
Uncalled bet (10,639) returned to 96fe0d33
*** SHOWDOWN ***
96fe0d33 collected 560 from pot
*** SUMMARY ***
Total pot 560 | Rake 0 | Jackpot 0 | Bingo 0 | Fortune 0 | Tax 0
Seat 1: 96fe0d33 collected (560)
Seat 2: a212e47d folded before Flop
Seat 3: 3804ad92 folded before Flop
Seat 4: 9fab8900 (button) folded before Flop
Seat 5: Hero folded before Flop


Poker Hand #TM80685280: Tournament #156657532, Short Deck Bounty Turbo $2.50 ShortDeck No Limit - Level4(80) - 2024/08/05 23:28:36
Table '11' 6-max Seat #3 is the button
Seat 1: 96fe0d33 (10,879 in chips)
Seat 3: 3804ad92 (22,732 in chips)
Seat 4: 9fab8900 (9,369 in chips)
Seat 5: Hero (9,949 in chips)
9fab8900: posts the ante 80
3804ad92: posts the ante 80
96fe0d33: posts the ante 80
Hero: posts the ante 80
3804ad92: posts button blind 80
*** HOLE CARDS ***
Dealt to 96fe0d33 
Dealt to 3804ad92 
Dealt to 9fab8900 
Dealt to Hero [Ac 6h]
9fab8900: calls 80
Hero: calls 80
96fe0d33: folds
3804ad92: raises 420 to 500
9fab8900: calls 420
Hero: calls 420
*** FLOP *** [Js Jd 8c]
9fab8900: checks
Hero: checks
3804ad92: bets 910
9fab8900: folds
Hero: folds
Uncalled bet (910) returned to 3804ad92
*** SHOWDOWN ***
3804ad92 collected 1,820 from pot
*** SUMMARY ***
Total pot 1,820 | Rake 0 | Jackpot 0 | Bingo 0 | Fortune 0 | Tax 0
Board [Js Jd 8c]
Seat 1: 96fe0d33 folded before Flop
Seat 3: 3804ad92 (button) won (1,820)
Seat 4: 9fab8900 folded on the Flop
Seat 5: Hero folded on the Flop


Poker Hand #TM80685279: Tournament #156657532, Short Deck Bounty Turbo $2.50 ShortDeck No Limit - Level4(80) - 2024/08/05 23:27:53
Table '11' 6-max Seat #1 is the button
Seat 1: 96fe0d33 (9,340 in chips)
Seat 2: 204b59a (197 in chips)
Seat 3: 3804ad92 (22,812 in chips)
Seat 4: 9fab8900 (10,000 in chips)
Seat 5: Hero (10,580 in chips)
9fab8900: posts the ante 80
3804ad92: posts the ante 80
204b59a: posts the ante 80
96fe0d33: posts the ante 80
Hero: posts the ante 80
96fe0d33: posts button blind 80
*** HOLE CARDS ***
Dealt to 96fe0d33 
Dealt to 204b59a 
Dealt to 3804ad92 
Dealt to 9fab8900 
Dealt to Hero [8s Kd]
204b59a: raises 37 to 117 and is all-in
3804ad92: folds
9fab8900: calls 117
Hero: calls 117
96fe0d33: calls 37
*** FLOP *** [Ts Jc 8d]
9fab8900: bets 434
Hero: calls 434
96fe0d33: raises 8,709 to 9,143 and is all-in
9fab8900: folds
Hero: folds
Uncalled bet (8,709) returned to 96fe0d33
96fe0d33: shows [9d 7s] (Jacks-High Straight)
204b59a: shows [Qs 6c] (Queen-High)
*** TURN *** [Ts Jc 8d] [Tc]
*** RIVER *** [Ts Jc 8d Tc] [Kh]
*** SHOWDOWN ***
96fe0d33 collected 868 from pot
96fe0d33 collected 1,302 from pot
*** SUMMARY ***
Total pot 2,170 | Rake 0 | Jackpot 0 | Bingo 0 | Fortune 0 | Tax 0
Board [Ts Jc 8d Tc Kh]
Seat 1: 96fe0d33 (button) showed [9d 7s] and won (2,170) with Jacks-High Straight
Seat 2: 204b59a showed [Qs 6c] and lost with Pair of Tens
Seat 3: 3804ad92 folded before Flop
Seat 4: 9fab8900 folded on the Flop
Seat 5: Hero folded on the Flop


Poker Hand #TM80685278: Tournament #156657532, Short Deck Bounty Turbo $2.50 ShortDeck No Limit - Level4(80) - 2024/08/05 23:26:58
Table '11' 6-max Seat #5 is the button
Seat 1: 96fe0d33 (9,420 in chips)
Seat 2: 204b59a (9,893 in chips)
Seat 3: 3804ad92 (9,696 in chips)
Seat 5: Hero (10,920 in chips)
Seat 6: 1d5ec32c (3,000 in chips)
3804ad92: posts the ante 80
204b59a: posts the ante 80
1d5ec32c: posts the ante 80
96fe0d33: posts the ante 80
Hero: posts the ante 80
Hero: posts button blind 80
*** HOLE CARDS ***
Dealt to 96fe0d33 
Dealt to 204b59a 
Dealt to 3804ad92 
Dealt to Hero [Ah Qc]
Dealt to 1d5ec32c 
1d5ec32c: calls 80
96fe0d33: folds
204b59a: raises 180 to 260
3804ad92: calls 260
Hero: calls 180
1d5ec32c: calls 180
*** FLOP *** [7s 9d 8h]
1d5ec32c: bets 2,660 and is all-in
204b59a: raises 6,893 to 9,553 and is all-in
3804ad92: calls 9,356 and is all-in
Hero: folds
Uncalled bet (197) returned to 204b59a
204b59a: shows [Kd Ks] (Pair of Kings)
3804ad92: shows [Td 8d] (Pair of Eights)
1d5ec32c: shows [9c 6h] (Pair of Nines)
*** TURN *** [7s 9d 8h] [6s]
*** RIVER *** [7s 9d 8h 6s] [Qs]
*** SHOWDOWN ***
3804ad92 collected 9,420 from pot
3804ad92 collected 13,392 from pot
*** SUMMARY ***
Total pot 22,812 | Rake 0 | Jackpot 0 | Bingo 0 | Fortune 0 | Tax 0
Board [7s 9d 8h 6s Qs]
Seat 1: 96fe0d33 folded before Flop
Seat 2: 204b59a showed [Kd Ks] and lost with Pair of Kings
Seat 3: 3804ad92 showed [Td 8d] and won (22,812) with Tens-High Straight
Seat 5: Hero (button) folded on the Flop
Seat 6: 1d5ec32c showed [9c 6h] and lost with Pair of Nines and Pair of Sixes


Poker Hand #TM80685277: Tournament #156657532, Short Deck Bounty Turbo $2.50 ShortDeck No Limit - Level4(80) - 2024/08/05 23:26:17
Table '11' 6-max Seat #3 is the button
Seat 1: 96fe0d33 (9,500 in chips)
Seat 2: 204b59a (9,973 in chips)
Seat 3: 3804ad92 (9,856 in chips)
Seat 4: 22ac31c9 (8,026 in chips)
Seat 5: Hero (11,000 in chips)
Seat 6: 1d5ec32c (11,026 in chips)
3804ad92: posts the ante 80
204b59a: posts the ante 80
1d5ec32c: posts the ante 80
22ac31c9: posts the ante 80
96fe0d33: posts the ante 80
Hero: posts the ante 80
3804ad92: posts button blind 80
*** HOLE CARDS ***
Dealt to 96fe0d33 
Dealt to 204b59a 
Dealt to 3804ad92 
Dealt to 22ac31c9 
Dealt to Hero [8c Ks]
Dealt to 1d5ec32c 
22ac31c9: raises 640 to 720
Hero: folds
1d5ec32c: raises 10,226 to 10,946 and is all-in
96fe0d33: folds
204b59a: folds
3804ad92: folds
22ac31c9: calls 7,226 and is all-in
Uncalled bet (3,000) returned to 1d5ec32c
1d5ec32c: shows [As Qc]
22ac31c9: shows [Ah Ac]
*** FLOP *** [6c 7c 9s]
*** TURN *** [6c 7c 9s] [Jc]
*** RIVER *** [6c 7c 9s Jc] [Qs]
*** SHOWDOWN ***
22ac31c9 collected 16,452 from pot
*** SUMMARY ***
Total pot 16,452 | Rake 0 | Jackpot 0 | Bingo 0 | Fortune 0 | Tax 0
Board [6c 7c 9s Jc Qs]
Seat 1: 96fe0d33 folded before Flop
Seat 2: 204b59a folded before Flop
Seat 3: 3804ad92 (button) folded before Flop
Seat 4: 22ac31c9 showed [Ah Ac] and won (16,452) with Pair of Aces
Seat 5: Hero folded before Flop
Seat 6: 1d5ec32c showed [As Qc] and lost with Pair of Queens


Poker Hand #TM80685276: Tournament #156657532, Short Deck Bounty Turbo $2.50 ShortDeck No Limit - Level4(80) - 2024/08/05 23:25:22
Table '11' 6-max Seat #2 is the button
Seat 1: 96fe0d33 (9,580 in chips)
Seat 2: 204b59a (10,133 in chips)
Seat 3: 3804ad92 (9,936 in chips)
Seat 4: 22ac31c9 (9,386 in chips)
Seat 5: Hero (11,480 in chips)
Seat 6: 1d5ec32c (8,866 in chips)
3804ad92: posts the ante 80
204b59a: posts the ante 80
1d5ec32c: posts the ante 80
22ac31c9: posts the ante 80
96fe0d33: posts the ante 80
Hero: posts the ante 80
204b59a: posts button blind 80
*** HOLE CARDS ***
Dealt to 96fe0d33 
Dealt to 204b59a 
Dealt to 3804ad92 
Dealt to 22ac31c9 
Dealt to Hero [Ac 6s]
Dealt to 1d5ec32c 
3804ad92: folds
22ac31c9: calls 80
Hero: calls 80
1d5ec32c: raises 320 to 400
96fe0d33: folds
204b59a: folds
22ac31c9: calls 320
Hero: calls 320
*** FLOP *** [Qs 6c Ts]
22ac31c9: checks
Hero: checks
1d5ec32c: bets 880
22ac31c9: calls 880
Hero: folds
*** TURN *** [Qs 6c Ts] [Qd]
22ac31c9: checks
1d5ec32c: bets 1,760
22ac31c9: folds
Uncalled bet (1,760) returned to 1d5ec32c
*** SHOWDOWN ***
1d5ec32c collected 3,520 from pot
*** SUMMARY ***
Total pot 3,520 | Rake 0 | Jackpot 0 | Bingo 0 | Fortune 0 | Tax 0
Board [Qs 6c Ts Qd]
Seat 1: 96fe0d33 folded before Flop
Seat 2: 204b59a (button) folded before Flop
Seat 3: 3804ad92 folded before Flop
Seat 4: 22ac31c9 folded on the Turn
Seat 5: Hero folded on the Flop
Seat 6: 1d5ec32c won (3,520)


Poker Hand #TM80685275: Tournament #156657532, Short Deck Bounty Turbo $2.50 ShortDeck No Limit - Level3(60) - 2024/08/05 23:24:23
Table '11' 6-max Seat #1 is the button
Seat 1: 96fe0d33 (9,700 in chips)
Seat 2: 204b59a (10,193 in chips)
Seat 3: 3804ad92 (9,996 in chips)
Seat 4: 22ac31c9 (7,712 in chips)
Seat 5: Hero (11,600 in chips)
Seat 6: 1d5ec32c (10,180 in chips)
3804ad92: posts the ante 60
1d5ec32c: posts the ante 60
204b59a: posts the ante 60
22ac31c9: posts the ante 60
96fe0d33: posts the ante 60
Hero: posts the ante 60
96fe0d33: posts button blind 60
*** HOLE CARDS ***
Dealt to 96fe0d33 
Dealt to 204b59a 
Dealt to 3804ad92 
Dealt to 22ac31c9 
Dealt to Hero [7s 7d]
Dealt to 1d5ec32c 
204b59a: folds
3804ad92: folds
22ac31c9: calls 60
Hero: calls 60
1d5ec32c: calls 60
96fe0d33: checks
*** FLOP *** [Qh Th Ad]
22ac31c9: bets 600
Hero: folds
1d5ec32c: calls 600
96fe0d33: folds
*** TURN *** [Qh Th Ad] [9d]
22ac31c9: bets 594
1d5ec32c: calls 594
*** RIVER *** [Qh Th Ad 9d] [Ac]
22ac31c9: checks
1d5ec32c: checks
22ac31c9: shows [Jd Td] (Pair of Aces and Pair of Tens)
1d5ec32c: shows [9s Jh] (Pair of Aces and Pair of Nines)
*** SHOWDOWN ***
22ac31c9 collected 2,988 from pot
*** SUMMARY ***
Total pot 2,988 | Rake 0 | Jackpot 0 | Bingo 0 | Fortune 0 | Tax 0
Board [Qh Th Ad 9d Ac]
Seat 1: 96fe0d33 (button) folded on the Flop
Seat 2: 204b59a folded before Flop
Seat 3: 3804ad92 folded before Flop
Seat 4: 22ac31c9 showed [Jd Td] and won (2,988) with Pair of Aces and Pair of Tens
Seat 5: Hero folded on the Flop
Seat 6: 1d5ec32c showed [9s Jh] and lost with Pair of Aces and Pair of Nines


Poker Hand #TM80685274: Tournament #156657532, Short Deck Bounty Turbo $2.50 ShortDeck No Limit - Level3(60) - 2024/08/05 23:23:17
Table '11' 6-max Seat #6 is the button
Seat 1: 96fe0d33 (9,760 in chips)
Seat 2: 204b59a (10,253 in chips)
Seat 3: 3804ad92 (10,056 in chips)
Seat 4: 22ac31c9 (7,172 in chips)
Seat 5: Hero (11,660 in chips)
Seat 6: 1d5ec32c (10,480 in chips)
3804ad92: posts the ante 60
1d5ec32c: posts the ante 60
204b59a: posts the ante 60
22ac31c9: posts the ante 60
96fe0d33: posts the ante 60
Hero: posts the ante 60
1d5ec32c: posts button blind 60
*** HOLE CARDS ***
Dealt to 96fe0d33 
Dealt to 204b59a 
Dealt to 3804ad92 
Dealt to 22ac31c9 
Dealt to Hero [9c Ah]
Dealt to 1d5ec32c 
96fe0d33: folds
204b59a: folds
3804ad92: folds
22ac31c9: calls 60
Hero: folds
1d5ec32c: checks
*** FLOP *** [Jh Qs Kh]
22ac31c9: checks
1d5ec32c: bets 180
22ac31c9: calls 180
*** TURN *** [Jh Qs Kh] [As]
22ac31c9: bets 840
1d5ec32c: folds
Uncalled bet (840) returned to 22ac31c9
*** SHOWDOWN ***
22ac31c9 collected 840 from pot
*** SUMMARY ***
Total pot 840 | Rake 0 | Jackpot 0 | Bingo 0 | Fortune 0 | Tax 0
Board [Jh Qs Kh As]
Seat 1: 96fe0d33 folded before Flop
Seat 2: 204b59a folded before Flop
Seat 3: 3804ad92 folded before Flop
Seat 4: 22ac31c9 won (840)
Seat 5: Hero folded before Flop
Seat 6: 1d5ec32c (button) folded on the Turn


Poker Hand #TM80685273: Tournament #156657532, Short Deck Bounty Turbo $2.50 ShortDeck No Limit - Level3(60) - 2024/08/05 23:22:01
Table '11' 6-max Seat #5 is the button
Seat 1: 96fe0d33 (9,820 in chips)
Seat 2: 204b59a (10,313 in chips)
Seat 3: 3804ad92 (9,276 in chips)
Seat 4: 22ac31c9 (7,232 in chips)
Seat 5: Hero (11,780 in chips)
Seat 6: 1d5ec32c (10,960 in chips)
3804ad92: posts the ante 60
204b59a: posts the ante 60
1d5ec32c: posts the ante 60
22ac31c9: posts the ante 60
96fe0d33: posts the ante 60
Hero: posts the ante 60
Hero: posts button blind 60
*** HOLE CARDS ***
Dealt to 96fe0d33 
Dealt to 204b59a 
Dealt to 3804ad92 
Dealt to 22ac31c9 
Dealt to Hero [6h 6c]
Dealt to 1d5ec32c 
1d5ec32c: calls 60
96fe0d33: folds
204b59a: folds
3804ad92: raises 360 to 420
22ac31c9: folds
Hero: folds
1d5ec32c: calls 360
*** FLOP *** [Th As Qc]
1d5ec32c: checks
3804ad92: bets 900
1d5ec32c: folds
Uncalled bet (900) returned to 3804ad92
*** SHOWDOWN ***
3804ad92 collected 1,260 from pot
*** SUMMARY ***
Total pot 1,260 | Rake 0 | Jackpot 0 | Bingo 0 | Fortune 0 | Tax 0
Board [Th As Qc]
Seat 1: 96fe0d33 folded before Flop
Seat 2: 204b59a folded before Flop
Seat 3: 3804ad92 won (1,260)
Seat 4: 22ac31c9 folded before Flop
Seat 5: Hero (button) folded before Flop
Seat 6: 1d5ec32c folded on the Flop


Poker Hand #TM80685272: Tournament #156657532, Short Deck Bounty Turbo $2.50 ShortDeck No Limit - Level3(60) - 2024/08/05 23:21:30
Table '11' 6-max Seat #4 is the button
Seat 1: 96fe0d33 (9,880 in chips)
Seat 2: 204b59a (10,373 in chips)
Seat 3: 3804ad92 (9,636 in chips)
Seat 4: 22ac31c9 (7,352 in chips)
Seat 5: Hero (12,140 in chips)
Seat 6: 1d5ec32c (10,000 in chips)
3804ad92: posts the ante 60
204b59a: posts the ante 60
1d5ec32c: posts the ante 60
22ac31c9: posts the ante 60
96fe0d33: posts the ante 60
Hero: posts the ante 60
22ac31c9: posts button blind 60
*** HOLE CARDS ***
Dealt to 96fe0d33 
Dealt to 204b59a 
Dealt to 3804ad92 
Dealt to 22ac31c9 
Dealt to Hero [7c 7h]
Dealt to 1d5ec32c 
Hero: calls 60
1d5ec32c: raises 240 to 300
96fe0d33: folds
204b59a: folds
3804ad92: calls 300
22ac31c9: folds
Hero: calls 240
*** FLOP *** [Jc 6s Jh]
Hero: checks
1d5ec32c: bets 480
3804ad92: folds
Hero: folds
Uncalled bet (480) returned to 1d5ec32c
*** SHOWDOWN ***
1d5ec32c collected 1,320 from pot
*** SUMMARY ***
Total pot 1,320 | Rake 0 | Jackpot 0 | Bingo 0 | Fortune 0 | Tax 0
Board [Jc 6s Jh]
Seat 1: 96fe0d33 folded before Flop
Seat 2: 204b59a folded before Flop
Seat 3: 3804ad92 folded on the Flop
Seat 4: 22ac31c9 (button) folded before Flop
Seat 5: Hero folded on the Flop
Seat 6: 1d5ec32c won (1,320)


Poker Hand #TM80685271: Tournament #156657532, Short Deck Bounty Turbo $2.50 ShortDeck No Limit - Level3(60) - 2024/08/05 23:20:48
Table '11' 6-max Seat #3 is the button
Seat 1: 96fe0d33 (9,940 in chips)
Seat 2: 204b59a (9,630 in chips)
Seat 3: 3804ad92 (9,756 in chips)
Seat 4: 22ac31c9 (7,855 in chips)
Seat 5: Hero (12,200 in chips)
3804ad92: posts the ante 60
204b59a: posts the ante 60
22ac31c9: posts the ante 60
96fe0d33: posts the ante 60
Hero: posts the ante 60
3804ad92: posts button blind 60
*** HOLE CARDS ***
Dealt to 96fe0d33 
Dealt to 204b59a 
Dealt to 3804ad92 
Dealt to 22ac31c9 
Dealt to Hero [6s Kc]
22ac31c9: calls 60
Hero: folds
96fe0d33: folds
204b59a: raises 135 to 195
3804ad92: folds
22ac31c9: calls 135
*** FLOP *** [Qh Kh Jd]
22ac31c9: checks
204b59a: checks
*** TURN *** [Qh Kh Jd] [9c]
22ac31c9: checks
204b59a: checks
*** RIVER *** [Qh Kh Jd 9c] [Ah]
22ac31c9: bets 248
204b59a: calls 248
22ac31c9: shows [8h 7d] (Ace-High)
204b59a: shows [Ac Qd] (Pair of Aces and Pair of Queens)
*** SHOWDOWN ***
204b59a collected 1,246 from pot
*** SUMMARY ***
Total pot 1,246 | Rake 0 | Jackpot 0 | Bingo 0 | Fortune 0 | Tax 0
Board [Qh Kh Jd 9c Ah]
Seat 1: 96fe0d33 folded before Flop
Seat 2: 204b59a showed [Ac Qd] and won (1,246) with Pair of Aces and Pair of Queens
Seat 3: 3804ad92 (button) folded before Flop
Seat 4: 22ac31c9 showed [8h 7d] and lost with Ace-High
Seat 5: Hero folded before Flop


Poker Hand #TM81001588: Tournament #156657532, Short Deck Bounty Turbo $2.50 ShortDeck No Limit - Level2(50) - 2024/08/05 23:19:42
Table '6' 6-max Seat #6 is the button
Seat 1: ed2f06ac (9,950 in chips)
Seat 2: Hero (10,210 in chips)
Seat 3: fc88a438 (9,080 in chips)
Seat 4: 13924a2f (9,470 in chips)
Seat 5: 57dac672 (11,020 in chips)
Seat 6: c4a3531b (9,500 in chips)
c4a3531b: posts the ante 50
13924a2f: posts the ante 50
fc88a438: posts the ante 50
57dac672: posts the ante 50
ed2f06ac: posts the ante 50
Hero: posts the ante 50
c4a3531b: posts button blind 50
*** HOLE CARDS ***
Dealt to ed2f06ac 
Dealt to Hero [Ks Qs]
Dealt to fc88a438 
Dealt to 13924a2f 
Dealt to 57dac672 
Dealt to c4a3531b 
ed2f06ac: raises 132 to 182
Hero: calls 182
fc88a438: folds
13924a2f: calls 182
57dac672: folds
c4a3531b: calls 132
*** FLOP *** [Qd Jc As]
ed2f06ac: checks
Hero: bets 340
13924a2f: folds
c4a3531b: folds
ed2f06ac: calls 340
*** TURN *** [Qd Jc As] [Ts]
ed2f06ac: checks
Hero: bets 854
ed2f06ac: calls 854
*** RIVER *** [Qd Jc As Ts] [Qc]
ed2f06ac: checks
Hero: bets 1,708
ed2f06ac: folds
Uncalled bet (1,708) returned to Hero
*** SHOWDOWN ***
Hero collected 3,416 from pot
*** SUMMARY ***
Total pot 3,416 | Rake 0 | Jackpot 0 | Bingo 0 | Fortune 0 | Tax 0
Board [Qd Jc As Ts Qc]
Seat 1: ed2f06ac folded on the River
Seat 2: Hero won (3,416)
Seat 3: fc88a438 folded before Flop
Seat 4: 13924a2f folded on the Flop
Seat 5: 57dac672 folded before Flop
Seat 6: c4a3531b (button) folded on the Flop


Poker Hand #TM81001587: Tournament #156657532, Short Deck Bounty Turbo $2.50 ShortDeck No Limit - Level2(50) - 2024/08/05 23:19:12
Table '6' 6-max Seat #5 is the button
Seat 1: ed2f06ac (10,000 in chips)
Seat 2: Hero (10,310 in chips)
Seat 3: fc88a438 (8,680 in chips)
Seat 4: 13924a2f (9,520 in chips)
Seat 5: 57dac672 (11,120 in chips)
Seat 6: c4a3531b (9,600 in chips)
13924a2f: posts the ante 50
c4a3531b: posts the ante 50
fc88a438: posts the ante 50
57dac672: posts the ante 50
ed2f06ac: posts the ante 50
Hero: posts the ante 50
57dac672: posts button blind 50
*** HOLE CARDS ***
Dealt to ed2f06ac 
Dealt to Hero [6d Ad]
Dealt to fc88a438 
Dealt to 13924a2f 
Dealt to 57dac672 
Dealt to c4a3531b 
c4a3531b: calls 50
ed2f06ac: folds
Hero: calls 50
fc88a438: raises 8,580 to 8,630 and is all-in
13924a2f: folds
57dac672: folds
c4a3531b: folds
Hero: folds
Uncalled bet (8,580) returned to fc88a438
*** SHOWDOWN ***
fc88a438 collected 500 from pot
*** SUMMARY ***
Total pot 500 | Rake 0 | Jackpot 0 | Bingo 0 | Fortune 0 | Tax 0
Seat 1: ed2f06ac folded before Flop
Seat 2: Hero folded before Flop
Seat 3: fc88a438 collected (500)
Seat 4: 13924a2f folded before Flop
Seat 5: 57dac672 (button) folded before Flop
Seat 6: c4a3531b folded before Flop


Poker Hand #TM81001586: Tournament #156657532, Short Deck Bounty Turbo $2.50 ShortDeck No Limit - Level2(50) - 2024/08/05 23:18:27
Table '6' 6-max Seat #4 is the button
Seat 2: Hero (10,410 in chips)
Seat 3: fc88a438 (8,730 in chips)
Seat 4: 13924a2f (9,270 in chips)
Seat 5: 57dac672 (11,170 in chips)
Seat 6: c4a3531b (9,650 in chips)
13924a2f: posts the ante 50
c4a3531b: posts the ante 50
fc88a438: posts the ante 50
57dac672: posts the ante 50
Hero: posts the ante 50
13924a2f: posts button blind 50
*** HOLE CARDS ***
Dealt to Hero [Kh Qh]
Dealt to fc88a438 
Dealt to 13924a2f 
Dealt to 57dac672 
Dealt to c4a3531b 
57dac672: folds
c4a3531b: folds
Hero: calls 50
fc88a438: folds
13924a2f: checks
*** FLOP *** [8s 8d 9d]
Hero: checks
13924a2f: checks
*** TURN *** [8s 8d 9d] [7d]
Hero: checks
13924a2f: checks
*** RIVER *** [8s 8d 9d 7d] [Jh]
Hero: checks
13924a2f: checks
Hero: shows [Kh Qh] (Pair of Eights)
13924a2f: shows [6s As] (Nines-High Straight)
*** SHOWDOWN ***
13924a2f collected 350 from pot
*** SUMMARY ***
Total pot 350 | Rake 0 | Jackpot 0 | Bingo 0 | Fortune 0 | Tax 0
Board [8s 8d 9d 7d Jh]
Seat 2: Hero showed [Kh Qh] and lost with Pair of Eights
Seat 3: fc88a438 folded before Flop
Seat 4: 13924a2f (button) showed [6s As] and won (350) with Nines-High Straight
Seat 5: 57dac672 folded before Flop
Seat 6: c4a3531b folded before Flop


Poker Hand #TM81001585: Tournament #156657532, Short Deck Bounty Turbo $2.50 ShortDeck No Limit - Level2(50) - 2024/08/05 23:17:22
Table '6' 6-max Seat #3 is the button
Seat 2: Hero (9,810 in chips)
Seat 3: fc88a438 (8,830 in chips)
Seat 4: 13924a2f (9,670 in chips)
Seat 5: 57dac672 (11,220 in chips)
Seat 6: c4a3531b (9,700 in chips)
c4a3531b: posts the ante 50
13924a2f: posts the ante 50
fc88a438: posts the ante 50
57dac672: posts the ante 50
Hero: posts the ante 50
fc88a438: posts button blind 50
*** HOLE CARDS ***
Dealt to Hero [Ad 6d]
Dealt to fc88a438 
Dealt to 13924a2f 
Dealt to 57dac672 
Dealt to c4a3531b 
13924a2f: calls 50
57dac672: folds
c4a3531b: folds
Hero: calls 50
fc88a438: checks
*** FLOP *** [Ah 6c Qc]
13924a2f: bets 300
Hero: calls 300
fc88a438: folds
*** TURN *** [Ah 6c Qc] [9h]
13924a2f: checks
Hero: bets 500
13924a2f: folds
Uncalled bet (500) returned to Hero
*** SHOWDOWN ***
Hero collected 1,000 from pot
*** SUMMARY ***
Total pot 1,000 | Rake 0 | Jackpot 0 | Bingo 0 | Fortune 0 | Tax 0
Board [Ah 6c Qc 9h]
Seat 2: Hero won (1,000)
Seat 3: fc88a438 (button) folded on the Flop
Seat 4: 13924a2f folded on the Turn
Seat 5: 57dac672 folded before Flop
Seat 6: c4a3531b folded before Flop


Poker Hand #TM81001584: Tournament #156657532, Short Deck Bounty Turbo $2.50 ShortDeck No Limit - Level2(50) - 2024/08/05 23:16:38
Table '6' 6-max Seat #2 is the button
Seat 1: e7dc1697 (10,660 in chips)
Seat 2: Hero (9,310 in chips)
Seat 3: fc88a438 (8,880 in chips)
Seat 4: 13924a2f (9,970 in chips)
Seat 5: 57dac672 (11,270 in chips)
Seat 6: c4a3531b (9,750 in chips)
c4a3531b: posts the ante 50
13924a2f: posts the ante 50
e7dc1697: posts the ante 50
fc88a438: posts the ante 50
57dac672: posts the ante 50
Hero: posts the ante 50
Hero: posts button blind 50
*** HOLE CARDS ***
Dealt to e7dc1697 
Dealt to Hero [Ad Kc]
Dealt to fc88a438 
Dealt to 13924a2f 
Dealt to 57dac672 
Dealt to c4a3531b 
fc88a438: folds
13924a2f: calls 50
57dac672: folds
c4a3531b: folds
e7dc1697: folds
Hero: checks
*** FLOP *** [Ts 8s Jc]
13924a2f: checks
Hero: checks
*** TURN *** [Ts 8s Jc] [7h]
13924a2f: checks
Hero: checks
*** RIVER *** [Ts 8s Jc 7h] [Qc]
13924a2f: checks
Hero: bets 200
13924a2f: calls 200
Hero: shows [Ad Kc] (Aces-High Straight)
13924a2f: shows [Td 9h] (Queens-High Straight)
*** SHOWDOWN ***
Hero collected 800 from pot
*** SUMMARY ***
Total pot 800 | Rake 0 | Jackpot 0 | Bingo 0 | Fortune 0 | Tax 0
Board [Ts 8s Jc 7h Qc]
Seat 1: e7dc1697 folded before Flop
Seat 2: Hero (button) showed [Ad Kc] and won (800) with Aces-High Straight
Seat 3: fc88a438 folded before Flop
Seat 4: 13924a2f showed [Td 9h] and lost with Queens-High Straight
Seat 5: 57dac672 folded before Flop
Seat 6: c4a3531b folded before Flop


Poker Hand #TM81001583: Tournament #156657532, Short Deck Bounty Turbo $2.50 ShortDeck No Limit - Level2(50) - 2024/08/05 23:16:03
Table '6' 6-max Seat #1 is the button
Seat 1: e7dc1697 (10,360 in chips)
Seat 2: Hero (9,360 in chips)
Seat 3: fc88a438 (8,980 in chips)
Seat 4: 13924a2f (10,020 in chips)
Seat 5: 57dac672 (11,320 in chips)
Seat 6: c4a3531b (9,800 in chips)
c4a3531b: posts the ante 50
13924a2f: posts the ante 50
e7dc1697: posts the ante 50
fc88a438: posts the ante 50
57dac672: posts the ante 50
Hero: posts the ante 50
e7dc1697: posts button blind 50
*** HOLE CARDS ***
Dealt to e7dc1697 
Dealt to Hero [Jh 8c]
Dealt to fc88a438 
Dealt to 13924a2f 
Dealt to 57dac672 
Dealt to c4a3531b 
Hero: folds
fc88a438: calls 50
13924a2f: folds
57dac672: folds
c4a3531b: folds
e7dc1697: checks
*** FLOP *** [Qc 8h Ah]
fc88a438: checks
e7dc1697: checks
*** TURN *** [Qc 8h Ah] [9h]
fc88a438: checks
e7dc1697: bets 50
fc88a438: folds
Uncalled bet (50) returned to e7dc1697
*** SHOWDOWN ***
e7dc1697 collected 400 from pot
*** SUMMARY ***
Total pot 400 | Rake 0 | Jackpot 0 | Bingo 0 | Fortune 0 | Tax 0
Board [Qc 8h Ah 9h]
Seat 1: e7dc1697 (button) won (400)
Seat 2: Hero folded before Flop
Seat 3: fc88a438 folded on the Turn
Seat 4: 13924a2f folded before Flop
Seat 5: 57dac672 folded before Flop
Seat 6: c4a3531b folded before Flop


Poker Hand #TM81001582: Tournament #156657532, Short Deck Bounty Turbo $2.50 ShortDeck No Limit - Level1(40) - 2024/08/05 23:14:36
Table '6' 6-max Seat #6 is the button
Seat 1: e7dc1697 (10,400 in chips)
Seat 2: Hero (9,400 in chips)
Seat 3: fc88a438 (10,040 in chips)
Seat 4: 13924a2f (10,240 in chips)
Seat 5: 57dac672 (9,880 in chips)
Seat 6: c4a3531b (9,880 in chips)
c4a3531b: posts the ante 40
13924a2f: posts the ante 40
e7dc1697: posts the ante 40
fc88a438: posts the ante 40
57dac672: posts the ante 40
Hero: posts the ante 40
c4a3531b: posts button blind 40
*** HOLE CARDS ***
Dealt to e7dc1697 
Dealt to Hero [Tc 9s]
Dealt to fc88a438 
Dealt to 13924a2f 
Dealt to 57dac672 
Dealt to c4a3531b 
e7dc1697: folds
Hero: folds
fc88a438: calls 40
13924a2f: calls 40
57dac672: raises 140 to 180
c4a3531b: folds
fc88a438: calls 140
13924a2f: calls 140
*** FLOP *** [As Js 9c]
fc88a438: checks
13924a2f: checks
57dac672: bets 840
fc88a438: calls 840
13924a2f: folds
*** TURN *** [As Js 9c] [8h]
fc88a438: checks
57dac672: bets 1,680
fc88a438: folds
Uncalled bet (1,680) returned to 57dac672
*** SHOWDOWN ***
57dac672 collected 2,500 from pot
*** SUMMARY ***
Total pot 2,500 | Rake 0 | Jackpot 0 | Bingo 0 | Fortune 0 | Tax 0
Board [As Js 9c 8h]
Seat 1: e7dc1697 folded before Flop
Seat 2: Hero folded before Flop
Seat 3: fc88a438 folded on the Turn
Seat 4: 13924a2f folded on the Flop
Seat 5: 57dac672 won (2,500)
Seat 6: c4a3531b (button) folded before Flop


Poker Hand #TM81001581: Tournament #156657532, Short Deck Bounty Turbo $2.50 ShortDeck No Limit - Level1(40) - 2024/08/05 23:13:32
Table '6' 6-max Seat #5 is the button
Seat 1: e7dc1697 (10,440 in chips)
Seat 2: Hero (9,440 in chips)
Seat 3: fc88a438 (10,080 in chips)
Seat 4: 13924a2f (9,960 in chips)
Seat 5: 57dac672 (9,960 in chips)
Seat 6: c4a3531b (9,960 in chips)
13924a2f: posts the ante 40
c4a3531b: posts the ante 40
e7dc1697: posts the ante 40
fc88a438: posts the ante 40
57dac672: posts the ante 40
Hero: posts the ante 40
57dac672: posts button blind 40
*** HOLE CARDS ***
Dealt to e7dc1697 
Dealt to Hero [6s 9c]
Dealt to fc88a438 
Dealt to 13924a2f 
Dealt to 57dac672 
Dealt to c4a3531b 
c4a3531b: calls 40
e7dc1697: folds
Hero: folds
fc88a438: folds
13924a2f: calls 40
57dac672: checks
*** FLOP *** [6c Tc As]
c4a3531b: checks
13924a2f: checks
57dac672: checks
*** TURN *** [6c Tc As] [Qd]
c4a3531b: checks
13924a2f: bets 180
57dac672: folds
c4a3531b: folds
Uncalled bet (180) returned to 13924a2f
*** SHOWDOWN ***
13924a2f collected 360 from pot
*** SUMMARY ***
Total pot 360 | Rake 0 | Jackpot 0 | Bingo 0 | Fortune 0 | Tax 0
Board [6c Tc As Qd]
Seat 1: e7dc1697 folded before Flop
Seat 2: Hero folded before Flop
Seat 3: fc88a438 folded before Flop
Seat 4: 13924a2f won (360)
Seat 5: 57dac672 (button) folded on the Turn
Seat 6: c4a3531b folded on the Turn


Poker Hand #TM81001580: Tournament #156657532, Short Deck Bounty Turbo $2.50 ShortDeck No Limit - Level1(40) - 2024/08/05 23:13:03
Table '6' 6-max Seat #4 is the button
Seat 1: e7dc1697 (10,480 in chips)
Seat 2: Hero (9,520 in chips)
Seat 3: fc88a438 (9,800 in chips)
Seat 4: 13924a2f (10,040 in chips)
Seat 5: 57dac672 (10,000 in chips)
Seat 6: c4a3531b (10,000 in chips)
13924a2f: posts the ante 40
c4a3531b: posts the ante 40
e7dc1697: posts the ante 40
fc88a438: posts the ante 40
57dac672: posts the ante 40
Hero: posts the ante 40
13924a2f: posts button blind 40
*** HOLE CARDS ***
Dealt to e7dc1697 
Dealt to Hero [7s 9s]
Dealt to fc88a438 
Dealt to 13924a2f 
Dealt to 57dac672 
Dealt to c4a3531b 
57dac672: folds
c4a3531b: folds
e7dc1697: folds
Hero: calls 40
fc88a438: raises 9,720 to 9,760 and is all-in
13924a2f: folds
Hero: folds
Uncalled bet (9,720) returned to fc88a438
*** SHOWDOWN ***
fc88a438 collected 360 from pot
*** SUMMARY ***
Total pot 360 | Rake 0 | Jackpot 0 | Bingo 0 | Fortune 0 | Tax 0
Seat 1: e7dc1697 folded before Flop
Seat 2: Hero folded before Flop
Seat 3: fc88a438 collected (360)
Seat 4: 13924a2f (button) folded before Flop
Seat 5: 57dac672 folded before Flop
Seat 6: c4a3531b folded before Flop


Poker Hand #TM81001579: Tournament #156657532, Short Deck Bounty Turbo $2.50 ShortDeck No Limit - Level1(40) - 2024/08/05 23:12:01
Table '6' 6-max Seat #3 is the button
Seat 1: e7dc1697 (10,080 in chips)
Seat 2: Hero (9,760 in chips)
Seat 3: fc88a438 (9,880 in chips)
Seat 4: 13924a2f (10,120 in chips)
13924a2f: posts the ante 40
e7dc1697: posts the ante 40
fc88a438: posts the ante 40
Hero: posts the ante 40
fc88a438: posts button blind 40
*** HOLE CARDS ***
Dealt to e7dc1697 
Dealt to Hero [Jd Qd]
Dealt to fc88a438 
Dealt to 13924a2f 
13924a2f: calls 40
e7dc1697: calls 40
Hero: calls 40
fc88a438: checks
*** FLOP *** [Ks 7d Js]
13924a2f: checks
e7dc1697: checks
Hero: checks
fc88a438: checks
*** TURN *** [Ks 7d Js] [Td]
13924a2f: checks
e7dc1697: bets 80
Hero: calls 80
fc88a438: folds
13924a2f: folds
*** RIVER *** [Ks 7d Js Td] [Jc]
e7dc1697: bets 80
Hero: calls 80
e7dc1697: shows [Qs 9s] (Kings-High Straight)
Hero: shows [Jd Qd] (Three Jacks)
*** SHOWDOWN ***
e7dc1697 collected 640 from pot
*** SUMMARY ***
Total pot 640 | Rake 0 | Jackpot 0 | Bingo 0 | Fortune 0 | Tax 0
Board [Ks 7d Js Td Jc]
Seat 1: e7dc1697 showed [Qs 9s] and won (640) with Kings-High Straight
Seat 2: Hero showed [Jd Qd] and lost with Three Jacks
Seat 3: fc88a438 (button) folded on the Turn
Seat 4: 13924a2f folded on the Turn


Poker Hand #TM81001578: Tournament #156657532, Short Deck Bounty Turbo $2.50 ShortDeck No Limit - Level1(40) - 2024/08/05 23:11:34
Table '6' 6-max Seat #2 is the button
Seat 1: e7dc1697 (10,120 in chips)
Seat 2: Hero (9,840 in chips)
Seat 3: fc88a438 (9,920 in chips)
Seat 4: 13924a2f (9,960 in chips)
13924a2f: posts the ante 40
e7dc1697: posts the ante 40
fc88a438: posts the ante 40
Hero: posts the ante 40
Hero: posts button blind 40
*** HOLE CARDS ***
Dealt to e7dc1697 
Dealt to Hero [Js Kh]
Dealt to fc88a438 
Dealt to 13924a2f 
fc88a438: folds
13924a2f: raises 240 to 280
e7dc1697: folds
Hero: folds
Uncalled bet (240) returned to 13924a2f
*** SHOWDOWN ***
13924a2f collected 240 from pot
*** SUMMARY ***
Total pot 240 | Rake 0 | Jackpot 0 | Bingo 0 | Fortune 0 | Tax 0
Seat 1: e7dc1697 folded before Flop
Seat 2: Hero (button) folded before Flop
Seat 3: fc88a438 folded before Flop
Seat 4: 13924a2f collected (240)


Poker Hand #TM81001577: Tournament #156657532, Short Deck Bounty Turbo $2.50 ShortDeck No Limit - Level1(40) - 2024/08/05 23:10:56
Table '6' 6-max Seat #1 is the button
Seat 1: e7dc1697 (10,000 in chips)
Seat 2: Hero (9,920 in chips)
Seat 3: fc88a438 (9,960 in chips)
e7dc1697: posts the ante 40
fc88a438: posts the ante 40
Hero: posts the ante 40
e7dc1697: posts button blind 40
*** HOLE CARDS ***
Dealt to e7dc1697 
Dealt to Hero [Jc Kh]
Dealt to fc88a438 
Hero: calls 40
fc88a438: folds
e7dc1697: checks
*** FLOP *** [7s 7d Ah]
Hero: checks
e7dc1697: bets 80
Hero: folds
Uncalled bet (80) returned to e7dc1697
*** SHOWDOWN ***
e7dc1697 collected 200 from pot
*** SUMMARY ***
Total pot 200 | Rake 0 | Jackpot 0 | Bingo 0 | Fortune 0 | Tax 0
Board [7s 7d Ah]
Seat 1: e7dc1697 (button) won (200)
Seat 2: Hero folded on the Flop
Seat 3: fc88a438 folded before Flop


Poker Hand #TM80029323: Tournament #156657532, Short Deck Bounty Turbo $2.50 ShortDeck No Limit - Level1(40) - 2024/08/05 23:10:31
Table '5' 6-max Seat #2 is the button
Seat 1: Hero (10,000 in chips)
Seat 2: eb037c6a (10,000 in chips)
eb037c6a: posts the ante 40
Hero: posts the ante 40
eb037c6a: posts button blind 40
*** HOLE CARDS ***
Dealt to Hero [6s Kd]
Dealt to eb037c6a 
Hero: calls 40
eb037c6a: checks
*** FLOP *** [Ac 9h Ad]
Hero: checks
eb037c6a: checks
*** TURN *** [Ac 9h Ad] [Th]
Hero: checks
eb037c6a: bets 53
Hero: folds
Uncalled bet (53) returned to eb037c6a
*** SHOWDOWN ***
eb037c6a collected 160 from pot
*** SUMMARY ***
Total pot 160 | Rake 0 | Jackpot 0 | Bingo 0 | Fortune 0 | Tax 0
Board [Ac 9h Ad Th]
Seat 1: Hero folded on the Turn
Seat 2: eb037c6a (button) won (160)


Poker Hand #TM80029322: Tournament #156657532, Short Deck Bounty Turbo $2.50 ShortDeck No Limit - Level1(40) - 2024/08/05 23:10:01
Table '5' 6-max Seat #1 is the button
Seat 1: Hero (10,000 in chips)
Seat 2: eb037c6a (10,000 in chips)
eb037c6a: posts the ante 40
Hero: posts the ante 40
Hero: posts button blind 40
*** HOLE CARDS ***
Dealt to Hero [9s Js]
Dealt to eb037c6a 
eb037c6a: calls 40
Hero: checks
*** FLOP *** [6s Kc 8h]
eb037c6a: checks
Hero: checks
*** TURN *** [6s Kc 8h] [Td]
eb037c6a: checks
Hero: checks
*** RIVER *** [6s Kc 8h Td] [8c]
eb037c6a: checks
Hero: checks
Hero: shows [9s Js] (Pair of Eights)
eb037c6a: shows [Jc 7c] (Pair of Eights)
*** SHOWDOWN ***
Hero collected 80 from pot
eb037c6a collected 80 from pot
*** SUMMARY ***
Total pot 160 | Rake 0 | Jackpot 0 | Bingo 0 | Fortune 0 | Tax 0
Board [6s Kc 8h Td 8c]
Seat 1: Hero (button) showed [9s Js] and won (80) with Pair of Eights
Seat 2: eb037c6a showed [Jc 7c] and won (80) with Pair of Eights


