Poker Hand #TM3598649533: Tournament #158965871, Bounty Hunters Special $1.08 Hold'em No Limit - Level11(350/700) - 2024/08/19 22:28:34
Table '107' 8-max Seat #7 is the button
Seat 1: 9680672b (9,800 in chips)
Seat 2: 53b09cc (57,038 in chips)
Seat 3: 8ad440ef (10,000 in chips)
Seat 4: f8c472d3 (37,466 in chips)
Seat 5: Hero (13,424 in chips)
Seat 6: 7081b34c (77,752 in chips)
Seat 7: 714f3fa4 (57,854 in chips)
Seat 8: 7611269c (22,947 in chips)
7081b34c: posts the ante 100
9680672b: posts the ante 100
f8c472d3: posts the ante 100
714f3fa4: posts the ante 100
53b09cc: posts the ante 100
8ad440ef: posts the ante 100
Hero: posts the ante 100
7611269c: posts the ante 100
7611269c: posts small blind 350
9680672b: posts big blind 700
*** HOLE CARDS ***
Dealt to 9680672b 
Dealt to 53b09cc 
Dealt to 8ad440ef 
Dealt to f8c472d3 
Dealt to Hero [3s 3d]
Dealt to 7081b34c 
Dealt to 714f3fa4 
Dealt to 7611269c 
53b09cc: folds
8ad440ef: folds
f8c472d3: folds
Hero: raises 700 to 1,400
7081b34c: raises 4,900 to 6,300
714f3fa4: folds
7611269c: folds
9680672b: raises 3,400 to 9,700 and is all-in
Hero: calls 8,300
7081b34c: calls 3,400
*** FLOP *** [6d Qh 5h]
Hero: bets 3,624 and is all-in
7081b34c: calls 3,624
Hero: shows [3s 3d] (Pair of Treys)
7081b34c: shows [Jd Jh] (Pair of Jacks)
9680672b: shows [As Js] (Ace-High)
*** TURN *** [6d Qh 5h] [5d]
*** RIVER *** [6d Qh 5h 5d] [2d]
*** SHOWDOWN ***
7081b34c collected 30,250 from pot
7081b34c collected 7,248 from pot
*** SUMMARY ***
Total pot 37,498 | Rake 0 | Jackpot 0 | Bingo 0 | Fortune 0 | Tax 0
Board [6d Qh 5h 5d 2d]
Seat 1: 9680672b (big blind) showed [As Js] and lost with Pair of Fives
Seat 2: 53b09cc folded before Flop
Seat 3: 8ad440ef folded before Flop
Seat 4: f8c472d3 folded before Flop
Seat 5: Hero showed [3s 3d] and lost with Pair of Fives and Pair of Treys
Seat 6: 7081b34c showed [Jd Jh] and won (37,498) with Pair of Jacks and Pair of Fives
Seat 7: 714f3fa4 (button) folded before Flop
Seat 8: 7611269c (small blind) folded before Flop


Poker Hand #TM3598649479: Tournament #158965871, Bounty Hunters Special $1.08 Hold'em No Limit - Level11(350/700) - 2024/08/19 22:27:20
Table '107' 8-max Seat #6 is the button
Seat 1: 9680672b (9,900 in chips)
Seat 2: 53b09cc (57,138 in chips)
Seat 4: f8c472d3 (37,566 in chips)
Seat 5: Hero (15,064 in chips)
Seat 6: 7081b34c (77,852 in chips)
Seat 7: 714f3fa4 (55,014 in chips)
Seat 8: 7611269c (23,747 in chips)
7081b34c: posts the ante 100
9680672b: posts the ante 100
f8c472d3: posts the ante 100
53b09cc: posts the ante 100
714f3fa4: posts the ante 100
Hero: posts the ante 100
7611269c: posts the ante 100
714f3fa4: posts small blind 350
7611269c: posts big blind 700
*** HOLE CARDS ***
Dealt to 9680672b 
Dealt to 53b09cc 
Dealt to f8c472d3 
Dealt to Hero [3h 3d]
Dealt to 7081b34c 
Dealt to 714f3fa4 
Dealt to 7611269c 
9680672b: folds
53b09cc: folds
f8c472d3: folds
Hero: raises 840 to 1,540
7081b34c: folds
714f3fa4: calls 1,190
7611269c: folds
*** FLOP *** [5c 9d Js]
714f3fa4: checks
Hero: checks
*** TURN *** [5c 9d Js] [Ac]
714f3fa4: bets 2,240
Hero: folds
Uncalled bet (2,240) returned to 714f3fa4
*** SHOWDOWN ***
714f3fa4 collected 4,480 from pot
*** SUMMARY ***
Total pot 4,480 | Rake 0 | Jackpot 0 | Bingo 0 | Fortune 0 | Tax 0
Board [5c 9d Js Ac]
Seat 1: 9680672b folded before Flop
Seat 2: 53b09cc folded before Flop
Seat 4: f8c472d3 folded before Flop
Seat 5: Hero folded on the Turn
Seat 6: 7081b34c (button) folded before Flop
Seat 7: 714f3fa4 (small blind) won (4,480)
Seat 8: 7611269c (big blind) folded before Flop


Poker Hand #TM3598649426: Tournament #158965871, Bounty Hunters Special $1.08 Hold'em No Limit - Level11(350/700) - 2024/08/19 22:26:07
Table '107' 8-max Seat #5 is the button
Seat 1: 9680672b (10,000 in chips)
Seat 2: 53b09cc (33,882 in chips)
Seat 3: c63b5807 (17,967 in chips)
Seat 4: f8c472d3 (37,666 in chips)
Seat 5: Hero (15,164 in chips)
Seat 6: 7081b34c (78,302 in chips)
Seat 7: 714f3fa4 (55,814 in chips)
Seat 8: 7611269c (27,486 in chips)
9680672b: posts the ante 100
7081b34c: posts the ante 100
c63b5807: posts the ante 100
f8c472d3: posts the ante 100
53b09cc: posts the ante 100
714f3fa4: posts the ante 100
Hero: posts the ante 100
7611269c: posts the ante 100
7081b34c: posts small blind 350
714f3fa4: posts big blind 700
*** HOLE CARDS ***
Dealt to 9680672b 
Dealt to 53b09cc 
Dealt to c63b5807 
Dealt to f8c472d3 
Dealt to Hero [Ts 5h]
Dealt to 7081b34c 
Dealt to 714f3fa4 
Dealt to 7611269c 
7611269c: raises 700 to 1,400
9680672b: folds
53b09cc: calls 1,400
c63b5807: calls 1,400
f8c472d3: folds
Hero: folds
7081b34c: folds
714f3fa4: folds
*** FLOP *** [8s Jh 4h]
7611269c: bets 2,239
53b09cc: raises 4,339 to 6,578
c63b5807: raises 9,889 to 16,467 and is all-in
7611269c: folds
53b09cc: calls 9,889
c63b5807: shows [Js Kd] (Pair of Jacks)
53b09cc: shows [4d 4s] (Three Fours)
*** TURN *** [8s Jh 4h] [6s]
*** RIVER *** [8s Jh 4h 6s] [2h]
*** SHOWDOWN ***
53b09cc collected 41,223 from pot
*** SUMMARY ***
Total pot 41,223 | Rake 0 | Jackpot 0 | Bingo 0 | Fortune 0 | Tax 0
Board [8s Jh 4h 6s 2h]
Seat 1: 9680672b folded before Flop
Seat 2: 53b09cc showed [4d 4s] and won (41,223) with Three Fours
Seat 3: c63b5807 showed [Js Kd] and lost with Pair of Jacks
Seat 4: f8c472d3 folded before Flop
Seat 5: Hero (button) folded before Flop
Seat 6: 7081b34c (small blind) folded before Flop
Seat 7: 714f3fa4 (big blind) folded before Flop
Seat 8: 7611269c folded on the Flop


Poker Hand #TM3598649409: Tournament #158965871, Bounty Hunters Special $1.08 Hold'em No Limit - Level11(350/700) - 2024/08/19 22:25:40
Table '107' 8-max Seat #3 is the button
Seat 2: 53b09cc (33,982 in chips)
Seat 3: c63b5807 (18,067 in chips)
Seat 5: Hero (15,614 in chips)
Seat 6: 7081b34c (77,452 in chips)
Seat 7: 714f3fa4 (55,914 in chips)
Seat 8: 7611269c (27,586 in chips)
7081b34c: posts the ante 100
c63b5807: posts the ante 100
53b09cc: posts the ante 100
714f3fa4: posts the ante 100
7611269c: posts the ante 100
Hero: posts the ante 100
Hero: posts small blind 350
7081b34c: posts big blind 700
*** HOLE CARDS ***
Dealt to 53b09cc 
Dealt to c63b5807 
Dealt to Hero [2c 4s]
Dealt to 7081b34c 
Dealt to 714f3fa4 
Dealt to 7611269c 
714f3fa4: folds
7611269c: folds
53b09cc: folds
c63b5807: folds
Hero: folds
Uncalled bet (350) returned to 7081b34c
*** SHOWDOWN ***
7081b34c collected 1,300 from pot
*** SUMMARY ***
Total pot 1,300 | Rake 0 | Jackpot 0 | Bingo 0 | Fortune 0 | Tax 0
Seat 2: 53b09cc folded before Flop
Seat 3: c63b5807 (button) folded before Flop
Seat 5: Hero (small blind) folded before Flop
Seat 6: 7081b34c (big blind) collected (1,300)
Seat 7: 714f3fa4 folded before Flop
Seat 8: 7611269c folded before Flop


Poker Hand #TM3598649352: Tournament #158965871, Bounty Hunters Special $1.08 Hold'em No Limit - Level11(350/700) - 2024/08/19 22:24:16
Table '107' 8-max Seat #8 is the button
Seat 1: 3182010c (20,425 in chips)
Seat 2: 983355e7 (10,660 in chips)
Seat 3: c63b5807 (18,167 in chips)
Seat 4: ce431409 (10,000 in chips)
Seat 5: Hero (15,714 in chips)
Seat 6: 7081b34c (35,967 in chips)
Seat 7: 714f3fa4 (56,014 in chips)
Seat 8: 7611269c (27,686 in chips)
7081b34c: posts the ante 100
c63b5807: posts the ante 100
983355e7: posts the ante 100
3182010c: posts the ante 100
714f3fa4: posts the ante 100
ce431409: posts the ante 100
7611269c: posts the ante 100
Hero: posts the ante 100
3182010c: posts small blind 350
983355e7: posts big blind 700
*** HOLE CARDS ***
Dealt to 3182010c 
Dealt to 983355e7 
Dealt to c63b5807 
Dealt to ce431409 
Dealt to Hero [6s 4c]
Dealt to 7081b34c 
Dealt to 714f3fa4 
Dealt to 7611269c 
c63b5807: folds
ce431409: raises 9,200 to 9,900 and is all-in
Hero: folds
7081b34c: calls 9,900
714f3fa4: folds
7611269c: folds
3182010c: raises 10,425 to 20,325 and is all-in
983355e7: calls 9,860 and is all-in
7081b34c: calls 10,425
3182010c: shows [Ts Td]
983355e7: shows [Js Kh]
ce431409: shows [As Jh]
7081b34c: shows [3d 3c]
*** FLOP *** [7h 9d 6d]
*** TURN *** [7h 9d 6d] [2c]
*** RIVER *** [7h 9d 6d 2c] [3s]
*** SHOWDOWN ***
7081b34c collected 40,400 from pot
7081b34c collected 1,980 from pot
7081b34c collected 19,530 from pot
*** SUMMARY ***
Total pot 61,910 | Rake 0 | Jackpot 0 | Bingo 0 | Fortune 0 | Tax 0
Board [7h 9d 6d 2c 3s]
Seat 1: 3182010c (small blind) showed [Ts Td] and lost with Pair of Tens
Seat 2: 983355e7 (big blind) showed [Js Kh] and lost with King-High
Seat 3: c63b5807 folded before Flop
Seat 4: ce431409 showed [As Jh] and lost with Ace-High
Seat 5: Hero folded before Flop
Seat 6: 7081b34c showed [3d 3c] and won (61,910) with Three Treys
Seat 7: 714f3fa4 folded before Flop
Seat 8: 7611269c (button) folded before Flop


Poker Hand #TM3598649299: Tournament #158965871, Bounty Hunters Special $1.08 Hold'em No Limit - Level10(300/600) - 2024/08/19 22:22:58
Table '107' 8-max Seat #7 is the button
Seat 1: 3182010c (18,385 in chips)
Seat 2: 983355e7 (11,350 in chips)
Seat 3: c63b5807 (18,257 in chips)
Seat 5: Hero (15,804 in chips)
Seat 6: 7081b34c (36,657 in chips)
Seat 7: 714f3fa4 (56,104 in chips)
Seat 8: 7611269c (28,076 in chips)
7081b34c: posts the ante 90
c63b5807: posts the ante 90
983355e7: posts the ante 90
3182010c: posts the ante 90
714f3fa4: posts the ante 90
Hero: posts the ante 90
7611269c: posts the ante 90
7611269c: posts small blind 300
3182010c: posts big blind 600
*** HOLE CARDS ***
Dealt to 3182010c 
Dealt to 983355e7 
Dealt to c63b5807 
Dealt to Hero [4c Kd]
Dealt to 7081b34c 
Dealt to 714f3fa4 
Dealt to 7611269c 
983355e7: calls 600
c63b5807: folds
Hero: folds
7081b34c: calls 600
714f3fa4: folds
7611269c: folds
3182010c: checks
*** FLOP *** [Qs 5c Ts]
3182010c: checks
983355e7: checks
7081b34c: checks
*** TURN *** [Qs 5c Ts] [4d]
3182010c: bets 1,365
983355e7: folds
7081b34c: folds
Uncalled bet (1,365) returned to 3182010c
*** SHOWDOWN ***
3182010c collected 2,730 from pot
*** SUMMARY ***
Total pot 2,730 | Rake 0 | Jackpot 0 | Bingo 0 | Fortune 0 | Tax 0
Board [Qs 5c Ts 4d]
Seat 1: 3182010c (big blind) won (2,730)
Seat 2: 983355e7 folded on the Turn
Seat 3: c63b5807 folded before Flop
Seat 5: Hero folded before Flop
Seat 6: 7081b34c folded on the Turn
Seat 7: 714f3fa4 (button) folded before Flop
Seat 8: 7611269c (small blind) folded before Flop


Poker Hand #TM3598649261: Tournament #158965871, Bounty Hunters Special $1.08 Hold'em No Limit - Level10(300/600) - 2024/08/19 22:22:09
Table '107' 8-max Seat #6 is the button
Seat 1: 3182010c (19,075 in chips)
Seat 2: 983355e7 (11,440 in chips)
Seat 3: c63b5807 (18,347 in chips)
Seat 4: 8fb10c2b (5,363 in chips)
Seat 5: Hero (15,894 in chips)
Seat 6: 7081b34c (29,254 in chips)
Seat 7: 714f3fa4 (56,494 in chips)
Seat 8: 7611269c (28,766 in chips)
7081b34c: posts the ante 90
c63b5807: posts the ante 90
983355e7: posts the ante 90
8fb10c2b: posts the ante 90
3182010c: posts the ante 90
714f3fa4: posts the ante 90
Hero: posts the ante 90
7611269c: posts the ante 90
714f3fa4: posts small blind 300
7611269c: posts big blind 600
*** HOLE CARDS ***
Dealt to 3182010c 
Dealt to 983355e7 
Dealt to c63b5807 
Dealt to 8fb10c2b 
Dealt to Hero [7s Jc]
Dealt to 7081b34c 
Dealt to 714f3fa4 
Dealt to 7611269c 
3182010c: calls 600
983355e7: folds
c63b5807: folds
8fb10c2b: raises 4,673 to 5,273 and is all-in
Hero: folds
7081b34c: raises 23,891 to 29,164 and is all-in
714f3fa4: folds
7611269c: folds
3182010c: folds
Uncalled bet (23,891) returned to 7081b34c
7081b34c: shows [8s 8d]
8fb10c2b: shows [2c 2h]
*** FLOP *** [Ad 9h 9c]
*** TURN *** [Ad 9h 9c] [4s]
*** RIVER *** [Ad 9h 9c 4s] [5h]
*** SHOWDOWN ***
7081b34c collected 12,766 from pot
*** SUMMARY ***
Total pot 12,766 | Rake 0 | Jackpot 0 | Bingo 0 | Fortune 0 | Tax 0
Board [Ad 9h 9c 4s 5h]
Seat 1: 3182010c folded before Flop
Seat 2: 983355e7 folded before Flop
Seat 3: c63b5807 folded before Flop
Seat 4: 8fb10c2b showed [2c 2h] and lost with Pair of Nines and Pair of Twos
Seat 5: Hero folded before Flop
Seat 6: 7081b34c (button) showed [8s 8d] and won (12,766) with Pair of Nines and Pair of Eights
Seat 7: 714f3fa4 (small blind) folded before Flop
Seat 8: 7611269c (big blind) folded before Flop


Poker Hand #TM3598649213: Tournament #158965871, Bounty Hunters Special $1.08 Hold'em No Limit - Level10(300/600) - 2024/08/19 22:21:02
Table '107' 8-max Seat #5 is the button
Seat 1: 3182010c (19,165 in chips)
Seat 2: 983355e7 (11,530 in chips)
Seat 3: c63b5807 (46,174 in chips)
Seat 4: 8fb10c2b (5,453 in chips)
Seat 5: Hero (15,984 in chips)
Seat 6: 7081b34c (29,644 in chips)
Seat 7: 714f3fa4 (27,827 in chips)
Seat 8: 7611269c (28,856 in chips)
7081b34c: posts the ante 90
c63b5807: posts the ante 90
983355e7: posts the ante 90
8fb10c2b: posts the ante 90
3182010c: posts the ante 90
714f3fa4: posts the ante 90
Hero: posts the ante 90
7611269c: posts the ante 90
7081b34c: posts small blind 300
714f3fa4: posts big blind 600
*** HOLE CARDS ***
Dealt to 3182010c 
Dealt to 983355e7 
Dealt to c63b5807 
Dealt to 8fb10c2b 
Dealt to Hero [8d 4h]
Dealt to 7081b34c 
Dealt to 714f3fa4 
Dealt to 7611269c 
7611269c: folds
3182010c: folds
983355e7: folds
c63b5807: raises 600 to 1,200
8fb10c2b: folds
Hero: folds
7081b34c: folds
714f3fa4: raises 5,400 to 6,600
c63b5807: raises 39,484 to 46,084 and is all-in
714f3fa4: calls 21,137 and is all-in
Uncalled bet (18,347) returned to c63b5807
c63b5807: shows [Ad 9d]
714f3fa4: shows [Qh Ac]
*** FLOP *** [Ts 2c Jd]
*** TURN *** [Ts 2c Jd] [6s]
*** RIVER *** [Ts 2c Jd 6s] [2s]
*** SHOWDOWN ***
714f3fa4 collected 56,494 from pot
*** SUMMARY ***
Total pot 56,494 | Rake 0 | Jackpot 0 | Bingo 0 | Fortune 0 | Tax 0
Board [Ts 2c Jd 6s 2s]
Seat 1: 3182010c folded before Flop
Seat 2: 983355e7 folded before Flop
Seat 3: c63b5807 showed [Ad 9d] and lost with Pair of Twos
Seat 4: 8fb10c2b folded before Flop
Seat 5: Hero (button) folded before Flop
Seat 6: 7081b34c (small blind) folded before Flop
Seat 7: 714f3fa4 (big blind) showed [Qh Ac] and won (56,494) with Pair of Twos
Seat 8: 7611269c folded before Flop


Poker Hand #TM3598649198: Tournament #158965871, Bounty Hunters Special $1.08 Hold'em No Limit - Level10(300/600) - 2024/08/19 22:20:38
Table '107' 8-max Seat #4 is the button
Seat 1: 3182010c (19,255 in chips)
Seat 2: 983355e7 (10,000 in chips)
Seat 3: c63b5807 (46,264 in chips)
Seat 4: 8fb10c2b (5,543 in chips)
Seat 5: Hero (16,374 in chips)
Seat 6: 7081b34c (30,334 in chips)
Seat 7: 714f3fa4 (27,917 in chips)
Seat 8: 7611269c (28,946 in chips)
7081b34c: posts the ante 90
c63b5807: posts the ante 90
983355e7: posts the ante 90
8fb10c2b: posts the ante 90
3182010c: posts the ante 90
714f3fa4: posts the ante 90
7611269c: posts the ante 90
Hero: posts the ante 90
Hero: posts small blind 300
7081b34c: posts big blind 600
*** HOLE CARDS ***
Dealt to 3182010c 
Dealt to 983355e7 
Dealt to c63b5807 
Dealt to 8fb10c2b 
Dealt to Hero [8d 4d]
Dealt to 7081b34c 
Dealt to 714f3fa4 
Dealt to 7611269c 
714f3fa4: folds
7611269c: folds
3182010c: folds
983355e7: raises 9,310 to 9,910 and is all-in
c63b5807: folds
8fb10c2b: folds
Hero: folds
7081b34c: folds
Uncalled bet (9,310) returned to 983355e7
*** SHOWDOWN ***
983355e7 collected 2,220 from pot
*** SUMMARY ***
Total pot 2,220 | Rake 0 | Jackpot 0 | Bingo 0 | Fortune 0 | Tax 0
Seat 1: 3182010c folded before Flop
Seat 2: 983355e7 collected (2,220)
Seat 3: c63b5807 folded before Flop
Seat 4: 8fb10c2b (button) folded before Flop
Seat 5: Hero (small blind) folded before Flop
Seat 6: 7081b34c (big blind) folded before Flop
Seat 7: 714f3fa4 folded before Flop
Seat 8: 7611269c folded before Flop


Poker Hand #TM3598649153: Tournament #158965871, Bounty Hunters Special $1.08 Hold'em No Limit - Level10(300/600) - 2024/08/19 22:19:46
Table '107' 8-max Seat #3 is the button
Seat 1: 3182010c (19,345 in chips)
Seat 3: c63b5807 (39,065 in chips)
Seat 4: 8fb10c2b (5,933 in chips)
Seat 5: Hero (17,064 in chips)
Seat 6: 7081b34c (30,424 in chips)
Seat 7: 714f3fa4 (33,766 in chips)
Seat 8: 7611269c (29,036 in chips)
7081b34c: posts the ante 90
c63b5807: posts the ante 90
8fb10c2b: posts the ante 90
3182010c: posts the ante 90
714f3fa4: posts the ante 90
7611269c: posts the ante 90
Hero: posts the ante 90
8fb10c2b: posts small blind 300
Hero: posts big blind 600
*** HOLE CARDS ***
Dealt to 3182010c 
Dealt to c63b5807 
Dealt to 8fb10c2b 
Dealt to Hero [5h 3c]
Dealt to 7081b34c 
Dealt to 714f3fa4 
Dealt to 7611269c 
7081b34c: folds
714f3fa4: calls 600
7611269c: folds
3182010c: folds
c63b5807: raises 600 to 1,200
8fb10c2b: folds
Hero: folds
714f3fa4: calls 600
*** FLOP *** [Tc Ks Js]
714f3fa4: checks
c63b5807: checks
*** TURN *** [Tc Ks Js] [7s]
714f3fa4: bets 1,965
c63b5807: calls 1,965
*** RIVER *** [Tc Ks Js 7s] [8d]
714f3fa4: bets 2,594
c63b5807: calls 2,594
714f3fa4: shows [Jd Qc] (Pair of Jacks)
c63b5807: shows [Ah Jh] (Pair of Jacks)
*** SHOWDOWN ***
c63b5807 collected 13,048 from pot
*** SUMMARY ***
Total pot 13,048 | Rake 0 | Jackpot 0 | Bingo 0 | Fortune 0 | Tax 0
Board [Tc Ks Js 7s 8d]
Seat 1: 3182010c folded before Flop
Seat 3: c63b5807 (button) showed [Ah Jh] and won (13,048) with Pair of Jacks
Seat 4: 8fb10c2b (small blind) folded before Flop
Seat 5: Hero (big blind) folded before Flop
Seat 6: 7081b34c folded before Flop
Seat 7: 714f3fa4 showed [Jd Qc] and lost with Pair of Jacks
Seat 8: 7611269c folded before Flop


Poker Hand #TM3598649112: Tournament #158965871, Bounty Hunters Special $1.08 Hold'em No Limit - Level10(300/600) - 2024/08/19 22:18:48
Table '107' 8-max Seat #2 is the button
Seat 1: 3182010c (19,435 in chips)
Seat 2: 84613a35 (7,444 in chips)
Seat 3: c63b5807 (39,455 in chips)
Seat 4: 8fb10c2b (6,623 in chips)
Seat 5: Hero (27,185 in chips)
Seat 6: 7081b34c (30,514 in chips)
Seat 7: 714f3fa4 (33,856 in chips)
Seat 8: 7611269c (10,121 in chips)
7081b34c: posts the ante 90
c63b5807: posts the ante 90
8fb10c2b: posts the ante 90
3182010c: posts the ante 90
84613a35: posts the ante 90
714f3fa4: posts the ante 90
7611269c: posts the ante 90
Hero: posts the ante 90
c63b5807: posts small blind 300
8fb10c2b: posts big blind 600
*** HOLE CARDS ***
Dealt to 3182010c 
Dealt to 84613a35 
Dealt to c63b5807 
Dealt to 8fb10c2b 
Dealt to Hero [9h 9c]
Dealt to 7081b34c 
Dealt to 714f3fa4 
Dealt to 7611269c 
Hero: raises 900 to 1,500
7081b34c: folds
714f3fa4: folds
7611269c: raises 8,531 to 10,031 and is all-in
3182010c: folds
84613a35: calls 7,354 and is all-in
c63b5807: folds
8fb10c2b: folds
Hero: calls 8,531
7611269c: shows [Th Td]
84613a35: shows [Qh Js]
Hero: shows [9h 9c]
*** FLOP *** [6s 2d 6h]
*** TURN *** [6s 2d 6h] [Ts]
*** RIVER *** [6s 2d 6h Ts] [2h]
*** SHOWDOWN ***
7611269c collected 23,682 from pot
7611269c collected 5,354 from pot
*** SUMMARY ***
Total pot 29,036 | Rake 0 | Jackpot 0 | Bingo 0 | Fortune 0 | Tax 0
Board [6s 2d 6h Ts 2h]
Seat 1: 3182010c folded before Flop
Seat 2: 84613a35 (button) showed [Qh Js] and lost with Pair of Sixes and Pair of Twos
Seat 3: c63b5807 (small blind) folded before Flop
Seat 4: 8fb10c2b (big blind) folded before Flop
Seat 5: Hero showed [9h 9c] and lost with Pair of Nines and Pair of Sixes
Seat 6: 7081b34c folded before Flop
Seat 7: 714f3fa4 folded before Flop
Seat 8: 7611269c showed [Th Td] and won (29,036) with Tens Full over Sixes


Poker Hand #TM3597709054: Tournament #158965871, Bounty Hunters Special $1.08 Hold'em No Limit - Level10(300/600) - 2024/08/19 22:17:29
Table '107' 8-max Seat #1 is the button
Seat 1: 3182010c (19,525 in chips)
Seat 2: 84613a35 (7,834 in chips)
Seat 3: c63b5807 (36,125 in chips)
Seat 4: 8fb10c2b (6,713 in chips)
Seat 5: Hero (27,275 in chips)
Seat 6: 7081b34c (30,604 in chips)
Seat 7: 714f3fa4 (34,546 in chips)
Seat 8: 7611269c (12,011 in chips)
7081b34c: posts the ante 90
c63b5807: posts the ante 90
8fb10c2b: posts the ante 90
3182010c: posts the ante 90
84613a35: posts the ante 90
714f3fa4: posts the ante 90
7611269c: posts the ante 90
Hero: posts the ante 90
84613a35: posts small blind 300
c63b5807: posts big blind 600
*** HOLE CARDS ***
Dealt to 3182010c 
Dealt to 84613a35 
Dealt to c63b5807 
Dealt to 8fb10c2b 
Dealt to Hero [6h 5c]
Dealt to 7081b34c 
Dealt to 714f3fa4 
Dealt to 7611269c 
8fb10c2b: folds
Hero: folds
7081b34c: folds
714f3fa4: calls 600
7611269c: raises 1,200 to 1,800
3182010c: folds
84613a35: folds
c63b5807: raises 34,235 to 36,035 and is all-in
714f3fa4: folds
7611269c: folds
Uncalled bet (34,235) returned to c63b5807
*** SHOWDOWN ***
c63b5807 collected 5,220 from pot
*** SUMMARY ***
Total pot 5,220 | Rake 0 | Jackpot 0 | Bingo 0 | Fortune 0 | Tax 0
Seat 1: 3182010c (button) folded before Flop
Seat 2: 84613a35 (small blind) folded before Flop
Seat 3: c63b5807 (big blind) collected (5,220)
Seat 4: 8fb10c2b folded before Flop
Seat 5: Hero folded before Flop
Seat 6: 7081b34c folded before Flop
Seat 7: 714f3fa4 folded before Flop
Seat 8: 7611269c folded before Flop


Poker Hand #TM3597708993: Tournament #158965871, Bounty Hunters Special $1.08 Hold'em No Limit - Level10(300/600) - 2024/08/19 22:16:09
Table '107' 8-max Seat #8 is the button
Seat 1: 3182010c (18,655 in chips)
Seat 2: 84613a35 (6,964 in chips)
Seat 3: c63b5807 (36,215 in chips)
Seat 4: 8fb10c2b (6,803 in chips)
Seat 5: Hero (27,365 in chips)
Seat 6: 7081b34c (30,694 in chips)
Seat 7: 714f3fa4 (34,636 in chips)
Seat 8: 7611269c (13,301 in chips)
7081b34c: posts the ante 90
c63b5807: posts the ante 90
8fb10c2b: posts the ante 90
3182010c: posts the ante 90
84613a35: posts the ante 90
714f3fa4: posts the ante 90
7611269c: posts the ante 90
Hero: posts the ante 90
3182010c: posts small blind 300
84613a35: posts big blind 600
*** HOLE CARDS ***
Dealt to 3182010c 
Dealt to 84613a35 
Dealt to c63b5807 
Dealt to 8fb10c2b 
Dealt to Hero [2h Ks]
Dealt to 7081b34c 
Dealt to 714f3fa4 
Dealt to 7611269c 
c63b5807: folds
8fb10c2b: folds
Hero: folds
7081b34c: folds
714f3fa4: folds
7611269c: raises 600 to 1,200
3182010c: calls 900
84613a35: raises 5,674 to 6,874 and is all-in
7611269c: folds
3182010c: calls 5,674
84613a35: shows [6h Ad]
3182010c: shows [Ac 3c]
*** FLOP *** [Ah 9s 4c]
*** TURN *** [Ah 9s 4c] [4d]
*** RIVER *** [Ah 9s 4c 4d] [3d]
714f3fa4: shows [4s] (Three Fours)
*** SHOWDOWN ***
84613a35 collected 7,834 from pot
3182010c collected 7,834 from pot
*** SUMMARY ***
Total pot 15,668 | Rake 0 | Jackpot 0 | Bingo 0 | Fortune 0 | Tax 0
Board [Ah 9s 4c 4d 3d]
Seat 1: 3182010c (small blind) showed [Ac 3c] and won (7,834) with Pair of Aces and Pair of Fours
Seat 2: 84613a35 (big blind) showed [6h Ad] and won (7,834) with Pair of Aces and Pair of Fours
Seat 3: c63b5807 folded before Flop
Seat 4: 8fb10c2b folded before Flop
Seat 5: Hero folded before Flop
Seat 6: 7081b34c folded before Flop
Seat 7: 714f3fa4 folded before Flop
Seat 8: 7611269c (button) folded before Flop


Poker Hand #TM3597708954: Tournament #158965871, Bounty Hunters Special $1.08 Hold'em No Limit - Level10(300/600) - 2024/08/19 22:15:14
Table '107' 8-max Seat #7 is the button
Seat 1: 3182010c (19,345 in chips)
Seat 2: 84613a35 (7,054 in chips)
Seat 3: c63b5807 (36,305 in chips)
Seat 4: 8fb10c2b (6,893 in chips)
Seat 5: Hero (28,655 in chips)
Seat 6: 7081b34c (27,964 in chips)
Seat 7: 714f3fa4 (34,726 in chips)
Seat 8: 7611269c (13,691 in chips)
7081b34c: posts the ante 90
c63b5807: posts the ante 90
8fb10c2b: posts the ante 90
3182010c: posts the ante 90
84613a35: posts the ante 90
714f3fa4: posts the ante 90
Hero: posts the ante 90
7611269c: posts the ante 90
7611269c: posts small blind 300
3182010c: posts big blind 600
*** HOLE CARDS ***
Dealt to 3182010c 
Dealt to 84613a35 
Dealt to c63b5807 
Dealt to 8fb10c2b 
Dealt to Hero [Th 9d]
Dealt to 7081b34c 
Dealt to 714f3fa4 
Dealt to 7611269c 
84613a35: folds
c63b5807: folds
8fb10c2b: folds
Hero: raises 600 to 1,200
7081b34c: raises 26,674 to 27,874 and is all-in
714f3fa4: folds
7611269c: folds
3182010c: folds
Hero: folds
Uncalled bet (26,674) returned to 7081b34c
*** SHOWDOWN ***
7081b34c collected 4,020 from pot
*** SUMMARY ***
Total pot 4,020 | Rake 0 | Jackpot 0 | Bingo 0 | Fortune 0 | Tax 0
Seat 1: 3182010c (big blind) folded before Flop
Seat 2: 84613a35 folded before Flop
Seat 3: c63b5807 folded before Flop
Seat 4: 8fb10c2b folded before Flop
Seat 5: Hero folded before Flop
Seat 6: 7081b34c collected (4,020)
Seat 7: 714f3fa4 (button) folded before Flop
Seat 8: 7611269c (small blind) folded before Flop


Poker Hand #TM3597708923: Tournament #158965871, Bounty Hunters Special $1.08 Hold'em No Limit - Level10(300/600) - 2024/08/19 22:14:32
Table '107' 8-max Seat #6 is the button
Seat 1: 3182010c (19,435 in chips)
Seat 2: 84613a35 (7,144 in chips)
Seat 3: c63b5807 (36,395 in chips)
Seat 4: 8fb10c2b (6,983 in chips)
Seat 5: Hero (27,125 in chips)
Seat 6: 7081b34c (28,054 in chips)
Seat 7: 714f3fa4 (35,116 in chips)
Seat 8: 7611269c (14,381 in chips)
7081b34c: posts the ante 90
c63b5807: posts the ante 90
8fb10c2b: posts the ante 90
3182010c: posts the ante 90
84613a35: posts the ante 90
714f3fa4: posts the ante 90
Hero: posts the ante 90
7611269c: posts the ante 90
714f3fa4: posts small blind 300
7611269c: posts big blind 600
*** HOLE CARDS ***
Dealt to 3182010c 
Dealt to 84613a35 
Dealt to c63b5807 
Dealt to 8fb10c2b 
Dealt to Hero [6h 6c]
Dealt to 7081b34c 
Dealt to 714f3fa4 
Dealt to 7611269c 
3182010c: folds
84613a35: folds
c63b5807: folds
8fb10c2b: folds
Hero: raises 720 to 1,320
7081b34c: folds
714f3fa4: folds
7611269c: folds
Uncalled bet (720) returned to Hero
*** SHOWDOWN ***
Hero collected 2,220 from pot
*** SUMMARY ***
Total pot 2,220 | Rake 0 | Jackpot 0 | Bingo 0 | Fortune 0 | Tax 0
Seat 1: 3182010c folded before Flop
Seat 2: 84613a35 folded before Flop
Seat 3: c63b5807 folded before Flop
Seat 4: 8fb10c2b folded before Flop
Seat 5: Hero collected (2,220)
Seat 6: 7081b34c (button) folded before Flop
Seat 7: 714f3fa4 (small blind) folded before Flop
Seat 8: 7611269c (big blind) folded before Flop


Poker Hand #TM3597708874: Tournament #158965871, Bounty Hunters Special $1.08 Hold'em No Limit - Level9(250/500) - 2024/08/19 22:13:31
Table '107' 8-max Seat #5 is the button
Seat 1: 3182010c (19,510 in chips)
Seat 2: 84613a35 (7,219 in chips)
Seat 4: 8fb10c2b (8,058 in chips)
Seat 5: Hero (27,200 in chips)
Seat 6: 7081b34c (26,104 in chips)
Seat 7: 714f3fa4 (35,691 in chips)
Seat 8: 7611269c (14,456 in chips)
7081b34c: posts the ante 75
8fb10c2b: posts the ante 75
3182010c: posts the ante 75
84613a35: posts the ante 75
714f3fa4: posts the ante 75
Hero: posts the ante 75
7611269c: posts the ante 75
7081b34c: posts small blind 250
714f3fa4: posts big blind 500
*** HOLE CARDS ***
Dealt to 3182010c 
Dealt to 84613a35 
Dealt to 8fb10c2b 
Dealt to Hero [Th 3s]
Dealt to 7081b34c 
Dealt to 714f3fa4 
Dealt to 7611269c 
7611269c: folds
3182010c: folds
84613a35: folds
8fb10c2b: raises 500 to 1,000
Hero: folds
7081b34c: raises 25,029 to 26,029 and is all-in
714f3fa4: folds
8fb10c2b: folds
Uncalled bet (25,029) returned to 7081b34c
*** SHOWDOWN ***
7081b34c collected 3,025 from pot
*** SUMMARY ***
Total pot 3,025 | Rake 0 | Jackpot 0 | Bingo 0 | Fortune 0 | Tax 0
Seat 1: 3182010c folded before Flop
Seat 2: 84613a35 folded before Flop
Seat 4: 8fb10c2b folded before Flop
Seat 5: Hero (button) folded before Flop
Seat 6: 7081b34c (small blind) collected (3,025)
Seat 7: 714f3fa4 (big blind) folded before Flop
Seat 8: 7611269c folded before Flop


Poker Hand #TM3597708832: Tournament #158965871, Bounty Hunters Special $1.08 Hold'em No Limit - Level9(250/500) - 2024/08/19 22:12:43
Table '107' 8-max Seat #4 is the button
Seat 1: 3182010c (16,380 in chips)
Seat 2: 84613a35 (7,294 in chips)
Seat 3: ad8052b3 (1,930 in chips)
Seat 4: 8fb10c2b (8,133 in chips)
Seat 5: Hero (27,525 in chips)
Seat 6: 7081b34c (26,679 in chips)
Seat 7: 714f3fa4 (35,766 in chips)
Seat 8: 7611269c (14,531 in chips)
ad8052b3: posts the ante 75
7081b34c: posts the ante 75
8fb10c2b: posts the ante 75
3182010c: posts the ante 75
84613a35: posts the ante 75
714f3fa4: posts the ante 75
7611269c: posts the ante 75
Hero: posts the ante 75
Hero: posts small blind 250
7081b34c: posts big blind 500
*** HOLE CARDS ***
Dealt to 3182010c 
Dealt to 84613a35 
Dealt to ad8052b3 
Dealt to 8fb10c2b 
Dealt to Hero [6c Js]
Dealt to 7081b34c 
Dealt to 714f3fa4 
Dealt to 7611269c 
714f3fa4: folds
7611269c: folds
3182010c: raises 15,805 to 16,305 and is all-in
84613a35: folds
ad8052b3: calls 1,855 and is all-in
8fb10c2b: folds
Hero: folds
7081b34c: folds
Uncalled bet (14,450) returned to 3182010c
3182010c: shows [Ah Qh]
ad8052b3: shows [8s Jc]
*** FLOP *** [9d 2h Qs]
*** TURN *** [9d 2h Qs] [Ac]
*** RIVER *** [9d 2h Qs Ac] [7h]
*** SHOWDOWN ***
3182010c collected 5,060 from pot
*** SUMMARY ***
Total pot 5,060 | Rake 0 | Jackpot 0 | Bingo 0 | Fortune 0 | Tax 0
Board [9d 2h Qs Ac 7h]
Seat 1: 3182010c showed [Ah Qh] and won (5,060) with Pair of Aces and Pair of Queens
Seat 2: 84613a35 folded before Flop
Seat 3: ad8052b3 showed [8s Jc] and lost with Ace-High
Seat 4: 8fb10c2b (button) folded before Flop
Seat 5: Hero (small blind) folded before Flop
Seat 6: 7081b34c (big blind) folded before Flop
Seat 7: 714f3fa4 folded before Flop
Seat 8: 7611269c folded before Flop


Poker Hand #TM3597708799: Tournament #158965871, Bounty Hunters Special $1.08 Hold'em No Limit - Level9(250/500) - 2024/08/19 22:11:46
Table '107' 8-max Seat #3 is the button
Seat 1: 3182010c (6,340 in chips)
Seat 2: 84613a35 (7,369 in chips)
Seat 3: ad8052b3 (8,270 in chips)
Seat 4: 8fb10c2b (8,458 in chips)
Seat 5: Hero (28,100 in chips)
Seat 6: 7081b34c (29,254 in chips)
Seat 7: 714f3fa4 (35,841 in chips)
Seat 8: 7611269c (14,606 in chips)
ad8052b3: posts the ante 75
7081b34c: posts the ante 75
8fb10c2b: posts the ante 75
3182010c: posts the ante 75
84613a35: posts the ante 75
714f3fa4: posts the ante 75
7611269c: posts the ante 75
Hero: posts the ante 75
8fb10c2b: posts small blind 250
Hero: posts big blind 500
*** HOLE CARDS ***
Dealt to 3182010c 
Dealt to 84613a35 
Dealt to ad8052b3 
Dealt to 8fb10c2b 
Dealt to Hero [7h 8s]
Dealt to 7081b34c 
Dealt to 714f3fa4 
Dealt to 7611269c 
7081b34c: raises 2,000 to 2,500
714f3fa4: folds
7611269c: folds
3182010c: raises 3,765 to 6,265 and is all-in
84613a35: folds
ad8052b3: calls 6,265
8fb10c2b: folds
Hero: folds
7081b34c: folds
3182010c: shows [3h Ah]
ad8052b3: shows [Ad Th]
*** FLOP *** [Jd 9s 4h]
*** TURN *** [Jd 9s 4h] [2s]
*** RIVER *** [Jd 9s 4h 2s] [3d]
*** SHOWDOWN ***
3182010c collected 16,380 from pot
*** SUMMARY ***
Total pot 16,380 | Rake 0 | Jackpot 0 | Bingo 0 | Fortune 0 | Tax 0
Board [Jd 9s 4h 2s 3d]
Seat 1: 3182010c showed [3h Ah] and won (16,380) with Pair of Treys
Seat 2: 84613a35 folded before Flop
Seat 3: ad8052b3 (button) showed [Ad Th] and lost with Ace-High
Seat 4: 8fb10c2b (small blind) folded before Flop
Seat 5: Hero (big blind) folded before Flop
Seat 6: 7081b34c folded before Flop
Seat 7: 714f3fa4 folded before Flop
Seat 8: 7611269c folded before Flop


Poker Hand #TM3597708747: Tournament #158965871, Bounty Hunters Special $1.08 Hold'em No Limit - Level9(250/500) - 2024/08/19 22:10:43
Table '107' 8-max Seat #2 is the button
Seat 1: 3182010c (10,000 in chips)
Seat 2: 84613a35 (7,444 in chips)
Seat 3: ad8052b3 (3,660 in chips)
Seat 4: 8fb10c2b (9,033 in chips)
Seat 5: Hero (28,175 in chips)
Seat 6: 7081b34c (29,329 in chips)
Seat 7: 714f3fa4 (35,916 in chips)
Seat 8: 7611269c (14,681 in chips)
7081b34c: posts the ante 75
ad8052b3: posts the ante 75
8fb10c2b: posts the ante 75
3182010c: posts the ante 75
84613a35: posts the ante 75
714f3fa4: posts the ante 75
7611269c: posts the ante 75
Hero: posts the ante 75
ad8052b3: posts small blind 250
8fb10c2b: posts big blind 500
*** HOLE CARDS ***
Dealt to 3182010c 
Dealt to 84613a35 
Dealt to ad8052b3 
Dealt to 8fb10c2b 
Dealt to Hero [6c Jh]
Dealt to 7081b34c 
Dealt to 714f3fa4 
Dealt to 7611269c 
Hero: folds
7081b34c: folds
714f3fa4: folds
7611269c: folds
3182010c: raises 9,425 to 9,925 and is all-in
84613a35: folds
ad8052b3: calls 3,335 and is all-in
8fb10c2b: folds
Uncalled bet (6,340) returned to 3182010c
3182010c: shows [Kh Ac]
ad8052b3: shows [7c Kd]
*** FLOP *** [9h Th 2d]
*** TURN *** [9h Th 2d] [7s]
*** RIVER *** [9h Th 2d 7s] [9d]
*** SHOWDOWN ***
ad8052b3 collected 8,270 from pot
*** SUMMARY ***
Total pot 8,270 | Rake 0 | Jackpot 0 | Bingo 0 | Fortune 0 | Tax 0
Board [9h Th 2d 7s 9d]
Seat 1: 3182010c showed [Kh Ac] and lost with Pair of Nines
Seat 2: 84613a35 (button) folded before Flop
Seat 3: ad8052b3 (small blind) showed [7c Kd] and won (8,270) with Pair of Nines and Pair of Sevens
Seat 4: 8fb10c2b (big blind) folded before Flop
Seat 5: Hero folded before Flop
Seat 6: 7081b34c folded before Flop
Seat 7: 714f3fa4 folded before Flop
Seat 8: 7611269c folded before Flop


Poker Hand #TM3597708692: Tournament #158965871, Bounty Hunters Special $1.08 Hold'em No Limit - Level9(250/500) - 2024/08/19 22:09:30
Table '107' 8-max Seat #8 is the button
Seat 1: 9411ff6a (4,919 in chips)
Seat 2: 84613a35 (8,019 in chips)
Seat 3: ad8052b3 (9,700 in chips)
Seat 4: 8fb10c2b (9,108 in chips)
Seat 5: Hero (37,875 in chips)
Seat 6: 7081b34c (7,870 in chips)
Seat 7: 714f3fa4 (35,991 in chips)
Seat 8: 7611269c (14,756 in chips)
7081b34c: posts the ante 75
ad8052b3: posts the ante 75
9411ff6a: posts the ante 75
8fb10c2b: posts the ante 75
84613a35: posts the ante 75
714f3fa4: posts the ante 75
7611269c: posts the ante 75
Hero: posts the ante 75
9411ff6a: posts small blind 250
84613a35: posts big blind 500
*** HOLE CARDS ***
Dealt to 9411ff6a 
Dealt to 84613a35 
Dealt to ad8052b3 
Dealt to 8fb10c2b 
Dealt to Hero [9h As]
Dealt to 7081b34c 
Dealt to 714f3fa4 
Dealt to 7611269c 
ad8052b3: raises 500 to 1,000
8fb10c2b: folds
Hero: calls 1,000
7081b34c: raises 6,795 to 7,795 and is all-in
714f3fa4: folds
7611269c: folds
9411ff6a: calls 4,594 and is all-in
84613a35: folds
ad8052b3: calls 6,795
Hero: raises 6,795 to 14,590
ad8052b3: calls 1,830 and is all-in
Uncalled bet (4,965) returned to Hero
Hero: shows [9h As]
7081b34c: shows [Jh 9s]
9411ff6a: shows [6d Td]
ad8052b3: shows [2d 2c]
*** FLOP *** [Js 8h 6c]
*** TURN *** [Js 8h 6c] [Jd]
*** RIVER *** [Js 8h 6c Jd] [Ks]
*** SHOWDOWN ***
7081b34c collected 20,476 from pot
7081b34c collected 8,853 from pot
ad8052b3 collected 3,660 from pot
*** SUMMARY ***
Total pot 32,989 | Rake 0 | Jackpot 0 | Bingo 0 | Fortune 0 | Tax 0
Board [Js 8h 6c Jd Ks]
Seat 1: 9411ff6a (small blind) showed [6d Td] and lost with Pair of Jacks and Pair of Sixes
Seat 2: 84613a35 (big blind) folded before Flop
Seat 3: ad8052b3 showed [2d 2c] and won (3,660) with Pair of Jacks and Pair of Twos
Seat 4: 8fb10c2b folded before Flop
Seat 5: Hero showed [9h As] and lost with Pair of Jacks
Seat 6: 7081b34c showed [Jh 9s] and won (29,329) with Three Jacks
Seat 7: 714f3fa4 folded before Flop
Seat 8: 7611269c (button) folded before Flop


Poker Hand #TM3597708637: Tournament #158965871, Bounty Hunters Special $1.08 Hold'em No Limit - Level9(250/500) - 2024/08/19 22:08:10
Table '107' 8-max Seat #7 is the button
Seat 1: 9411ff6a (11,645 in chips)
Seat 2: 84613a35 (8,094 in chips)
Seat 3: ad8052b3 (9,775 in chips)
Seat 4: 8fb10c2b (9,183 in chips)
Seat 5: Hero (30,449 in chips)
Seat 6: 7081b34c (7,945 in chips)
Seat 7: 714f3fa4 (36,066 in chips)
Seat 8: 7611269c (15,081 in chips)
7081b34c: posts the ante 75
ad8052b3: posts the ante 75
9411ff6a: posts the ante 75
8fb10c2b: posts the ante 75
84613a35: posts the ante 75
714f3fa4: posts the ante 75
Hero: posts the ante 75
7611269c: posts the ante 75
7611269c: posts small blind 250
9411ff6a: posts big blind 500
*** HOLE CARDS ***
Dealt to 9411ff6a 
Dealt to 84613a35 
Dealt to ad8052b3 
Dealt to 8fb10c2b 
Dealt to Hero [Ac 5c]
Dealt to 7081b34c 
Dealt to 714f3fa4 
Dealt to 7611269c 
84613a35: folds
ad8052b3: folds
8fb10c2b: folds
Hero: raises 600 to 1,100
7081b34c: folds
714f3fa4: folds
7611269c: folds
9411ff6a: calls 600
*** FLOP *** [As 7d Qh]
9411ff6a: checks
Hero: bets 1,525
9411ff6a: calls 1,525
*** TURN *** [As 7d Qh] [Tc]
9411ff6a: checks
Hero: checks
*** RIVER *** [As 7d Qh Tc] [3h]
9411ff6a: bets 4,026
Hero: calls 4,026
9411ff6a: shows [8h 4h] (Ace-High)
Hero: shows [Ac 5c] (Pair of Aces)
*** SHOWDOWN ***
Hero collected 14,152 from pot
*** SUMMARY ***
Total pot 14,152 | Rake 0 | Jackpot 0 | Bingo 0 | Fortune 0 | Tax 0
Board [As 7d Qh Tc 3h]
Seat 1: 9411ff6a (big blind) showed [8h 4h] and lost with Ace-High
Seat 2: 84613a35 folded before Flop
Seat 3: ad8052b3 folded before Flop
Seat 4: 8fb10c2b folded before Flop
Seat 5: Hero showed [Ac 5c] and won (14,152) with Pair of Aces
Seat 6: 7081b34c folded before Flop
Seat 7: 714f3fa4 (button) folded before Flop
Seat 8: 7611269c (small blind) folded before Flop


Poker Hand #TM3597708581: Tournament #158965871, Bounty Hunters Special $1.08 Hold'em No Limit - Level9(250/500) - 2024/08/19 22:06:58
Table '107' 8-max Seat #6 is the button
Seat 1: 9411ff6a (11,720 in chips)
Seat 2: 84613a35 (8,169 in chips)
Seat 3: ad8052b3 (9,850 in chips)
Seat 4: 8fb10c2b (9,258 in chips)
Seat 5: Hero (30,524 in chips)
Seat 6: 7081b34c (8,020 in chips)
Seat 7: 714f3fa4 (34,041 in chips)
Seat 8: 7611269c (16,656 in chips)
7081b34c: posts the ante 75
ad8052b3: posts the ante 75
9411ff6a: posts the ante 75
8fb10c2b: posts the ante 75
84613a35: posts the ante 75
714f3fa4: posts the ante 75
Hero: posts the ante 75
7611269c: posts the ante 75
714f3fa4: posts small blind 250
7611269c: posts big blind 500
*** HOLE CARDS ***
Dealt to 9411ff6a 
Dealt to 84613a35 
Dealt to ad8052b3 
Dealt to 8fb10c2b 
Dealt to Hero [6d 9s]
Dealt to 7081b34c 
Dealt to 714f3fa4 
Dealt to 7611269c 
9411ff6a: folds
84613a35: folds
ad8052b3: folds
8fb10c2b: folds
Hero: folds
7081b34c: folds
714f3fa4: calls 250
7611269c: raises 1,000 to 1,500
714f3fa4: calls 1,000
*** FLOP *** [Ac 6h 7c]
714f3fa4: bets 1,188
7611269c: folds
Uncalled bet (1,188) returned to 714f3fa4
*** SHOWDOWN ***
714f3fa4 collected 3,600 from pot
*** SUMMARY ***
Total pot 3,600 | Rake 0 | Jackpot 0 | Bingo 0 | Fortune 0 | Tax 0
Board [Ac 6h 7c]
Seat 1: 9411ff6a folded before Flop
Seat 2: 84613a35 folded before Flop
Seat 3: ad8052b3 folded before Flop
Seat 4: 8fb10c2b folded before Flop
Seat 5: Hero folded before Flop
Seat 6: 7081b34c (button) folded before Flop
Seat 7: 714f3fa4 (small blind) won (3,600)
Seat 8: 7611269c (big blind) folded on the Flop


Poker Hand #TM3597708530: Tournament #158965871, Bounty Hunters Special $1.08 Hold'em No Limit - Level9(250/500) - 2024/08/19 22:05:58
Table '107' 8-max Seat #5 is the button
Seat 1: 9411ff6a (13,845 in chips)
Seat 2: 84613a35 (8,244 in chips)
Seat 3: ad8052b3 (9,925 in chips)
Seat 4: 8fb10c2b (9,333 in chips)
Seat 5: Hero (30,599 in chips)
Seat 6: 7081b34c (8,345 in chips)
Seat 7: 714f3fa4 (31,216 in chips)
Seat 8: 7611269c (16,731 in chips)
ad8052b3: posts the ante 75
9411ff6a: posts the ante 75
7081b34c: posts the ante 75
8fb10c2b: posts the ante 75
84613a35: posts the ante 75
714f3fa4: posts the ante 75
Hero: posts the ante 75
7611269c: posts the ante 75
7081b34c: posts small blind 250
714f3fa4: posts big blind 500
*** HOLE CARDS ***
Dealt to 9411ff6a 
Dealt to 84613a35 
Dealt to ad8052b3 
Dealt to 8fb10c2b 
Dealt to Hero [7d 2c]
Dealt to 7081b34c 
Dealt to 714f3fa4 
Dealt to 7611269c 
7611269c: folds
9411ff6a: raises 550 to 1,050
84613a35: folds
ad8052b3: folds
8fb10c2b: folds
Hero: folds
7081b34c: folds
714f3fa4: calls 550
*** FLOP *** [Th 4d Td]
714f3fa4: checks
9411ff6a: bets 1,000
714f3fa4: calls 1,000
*** TURN *** [Th 4d Td] [3d]
714f3fa4: bets 1,634
9411ff6a: folds
Uncalled bet (1,634) returned to 714f3fa4
*** SHOWDOWN ***
714f3fa4 collected 4,950 from pot
*** SUMMARY ***
Total pot 4,950 | Rake 0 | Jackpot 0 | Bingo 0 | Fortune 0 | Tax 0
Board [Th 4d Td 3d]
Seat 1: 9411ff6a folded on the Turn
Seat 2: 84613a35 folded before Flop
Seat 3: ad8052b3 folded before Flop
Seat 4: 8fb10c2b folded before Flop
Seat 5: Hero (button) folded before Flop
Seat 6: 7081b34c (small blind) folded before Flop
Seat 7: 714f3fa4 (big blind) won (4,950)
Seat 8: 7611269c folded before Flop


Poker Hand #TM3597708466: Tournament #158965871, Bounty Hunters Special $1.08 Hold'em No Limit - Level9(250/500) - 2024/08/19 22:04:46
Table '107' 8-max Seat #4 is the button
Seat 1: 9411ff6a (13,920 in chips)
Seat 2: 84613a35 (8,319 in chips)
Seat 3: ad8052b3 (10,000 in chips)
Seat 4: 8fb10c2b (9,408 in chips)
Seat 5: Hero (31,174 in chips)
Seat 6: 7081b34c (8,920 in chips)
Seat 7: 714f3fa4 (29,691 in chips)
Seat 8: 7611269c (16,806 in chips)
ad8052b3: posts the ante 75
9411ff6a: posts the ante 75
7081b34c: posts the ante 75
8fb10c2b: posts the ante 75
84613a35: posts the ante 75
714f3fa4: posts the ante 75
7611269c: posts the ante 75
Hero: posts the ante 75
Hero: posts small blind 250
7081b34c: posts big blind 500
*** HOLE CARDS ***
Dealt to 9411ff6a 
Dealt to 84613a35 
Dealt to ad8052b3 
Dealt to 8fb10c2b 
Dealt to Hero [8c 3c]
Dealt to 7081b34c 
Dealt to 714f3fa4 
Dealt to 7611269c 
714f3fa4: calls 500
7611269c: folds
9411ff6a: folds
84613a35: folds
ad8052b3: folds
8fb10c2b: folds
Hero: calls 250
7081b34c: checks
*** FLOP *** [Qs 7d Th]
Hero: checks
7081b34c: checks
714f3fa4: checks
*** TURN *** [Qs 7d Th] [7h]
Hero: checks
7081b34c: checks
714f3fa4: checks
*** RIVER *** [Qs 7d Th 7h] [Tc]
Hero: checks
7081b34c: checks
714f3fa4: checks
Hero: shows [8c 3c] (Pair of Tens and Pair of Sevens)
7081b34c: shows [Kd 5h] (Pair of Tens and Pair of Sevens)
714f3fa4: shows [Ad 2h] (Pair of Tens and Pair of Sevens)
*** SHOWDOWN ***
714f3fa4 collected 2,100 from pot
*** SUMMARY ***
Total pot 2,100 | Rake 0 | Jackpot 0 | Bingo 0 | Fortune 0 | Tax 0
Board [Qs 7d Th 7h Tc]
Seat 1: 9411ff6a folded before Flop
Seat 2: 84613a35 folded before Flop
Seat 3: ad8052b3 folded before Flop
Seat 4: 8fb10c2b (button) folded before Flop
Seat 5: Hero (small blind) showed [8c 3c] and lost with Pair of Tens and Pair of Sevens
Seat 6: 7081b34c (big blind) showed [Kd 5h] and lost with Pair of Tens and Pair of Sevens
Seat 7: 714f3fa4 showed [Ad 2h] and won (2,100) with Pair of Tens and Pair of Sevens
Seat 8: 7611269c folded before Flop


Poker Hand #TM3597708428: Tournament #158965871, Bounty Hunters Special $1.08 Hold'em No Limit - Level8(200/400) - 2024/08/19 22:03:49
Table '107' 8-max Seat #2 is the button
Seat 1: 9411ff6a (12,160 in chips)
Seat 2: 84613a35 (8,379 in chips)
Seat 4: 8fb10c2b (9,668 in chips)
Seat 5: Hero (31,634 in chips)
Seat 6: 7081b34c (8,980 in chips)
Seat 7: 714f3fa4 (29,751 in chips)
Seat 8: 7611269c (17,666 in chips)
9411ff6a: posts the ante 60
7081b34c: posts the ante 60
8fb10c2b: posts the ante 60
84613a35: posts the ante 60
714f3fa4: posts the ante 60
7611269c: posts the ante 60
Hero: posts the ante 60
8fb10c2b: posts small blind 200
Hero: posts big blind 400
*** HOLE CARDS ***
Dealt to 9411ff6a 
Dealt to 84613a35 
Dealt to 8fb10c2b 
Dealt to Hero [4h 5d]
Dealt to 7081b34c 
Dealt to 714f3fa4 
Dealt to 7611269c 
7081b34c: folds
714f3fa4: folds
7611269c: raises 400 to 800
9411ff6a: raises 1,600 to 2,400
84613a35: folds
8fb10c2b: folds
Hero: folds
7611269c: folds
Uncalled bet (1,600) returned to 9411ff6a
*** SHOWDOWN ***
9411ff6a collected 2,620 from pot
*** SUMMARY ***
Total pot 2,620 | Rake 0 | Jackpot 0 | Bingo 0 | Fortune 0 | Tax 0
Seat 1: 9411ff6a collected (2,620)
Seat 2: 84613a35 (button) folded before Flop
Seat 4: 8fb10c2b (small blind) folded before Flop
Seat 5: Hero (big blind) folded before Flop
Seat 6: 7081b34c folded before Flop
Seat 7: 714f3fa4 folded before Flop
Seat 8: 7611269c folded before Flop


Poker Hand #TM3597708378: Tournament #158965871, Bounty Hunters Special $1.08 Hold'em No Limit - Level8(200/400) - 2024/08/19 22:02:37
Table '107' 8-max Seat #1 is the button
Seat 1: 9411ff6a (12,220 in chips)
Seat 2: 84613a35 (8,639 in chips)
Seat 3: 6a66b6c4 (7,063 in chips)
Seat 4: 8fb10c2b (9,728 in chips)
Seat 5: Hero (31,694 in chips)
Seat 6: 7081b34c (9,040 in chips)
Seat 7: 714f3fa4 (29,811 in chips)
Seat 8: 7611269c (10,043 in chips)
9411ff6a: posts the ante 60
7081b34c: posts the ante 60
6a66b6c4: posts the ante 60
8fb10c2b: posts the ante 60
84613a35: posts the ante 60
714f3fa4: posts the ante 60
7611269c: posts the ante 60
Hero: posts the ante 60
84613a35: posts small blind 200
6a66b6c4: posts big blind 400
*** HOLE CARDS ***
Dealt to 9411ff6a 
Dealt to 84613a35 
Dealt to 6a66b6c4 
Dealt to 8fb10c2b 
Dealt to Hero [2d 7c]
Dealt to 7081b34c 
Dealt to 714f3fa4 
Dealt to 7611269c 
8fb10c2b: folds
Hero: folds
7081b34c: folds
714f3fa4: folds
7611269c: raises 400 to 800
9411ff6a: folds
84613a35: folds
6a66b6c4: raises 6,203 to 7,003 and is all-in
7611269c: calls 6,203
6a66b6c4: shows [9c As]
7611269c: shows [Qc Kh]
*** FLOP *** [6s 7h Jd]
*** TURN *** [6s 7h Jd] [Qs]
*** RIVER *** [6s 7h Jd Qs] [Qh]
*** SHOWDOWN ***
7611269c collected 14,686 from pot
*** SUMMARY ***
Total pot 14,686 | Rake 0 | Jackpot 0 | Bingo 0 | Fortune 0 | Tax 0
Board [6s 7h Jd Qs Qh]
Seat 1: 9411ff6a (button) folded before Flop
Seat 2: 84613a35 (small blind) folded before Flop
Seat 3: 6a66b6c4 (big blind) showed [9c As] and lost with Pair of Queens
Seat 4: 8fb10c2b folded before Flop
Seat 5: Hero folded before Flop
Seat 6: 7081b34c folded before Flop
Seat 7: 714f3fa4 folded before Flop
Seat 8: 7611269c showed [Qc Kh] and won (14,686) with Three Queens


Poker Hand #TM3597708330: Tournament #158965871, Bounty Hunters Special $1.08 Hold'em No Limit - Level8(200/400) - 2024/08/19 22:01:44
Table '107' 8-max Seat #8 is the button
Seat 1: 9411ff6a (12,480 in chips)
Seat 2: 84613a35 (9,099 in chips)
Seat 3: 6a66b6c4 (6,043 in chips)
Seat 4: 8fb10c2b (9,788 in chips)
Seat 5: Hero (31,754 in chips)
Seat 6: 7081b34c (9,100 in chips)
Seat 7: 714f3fa4 (29,871 in chips)
Seat 8: 7611269c (10,103 in chips)
7081b34c: posts the ante 60
9411ff6a: posts the ante 60
6a66b6c4: posts the ante 60
8fb10c2b: posts the ante 60
84613a35: posts the ante 60
714f3fa4: posts the ante 60
7611269c: posts the ante 60
Hero: posts the ante 60
9411ff6a: posts small blind 200
84613a35: posts big blind 400
*** HOLE CARDS ***
Dealt to 9411ff6a 
Dealt to 84613a35 
Dealt to 6a66b6c4 
Dealt to 8fb10c2b 
Dealt to Hero [8c Ts]
Dealt to 7081b34c 
Dealt to 714f3fa4 
Dealt to 7611269c 
6a66b6c4: raises 5,583 to 5,983 and is all-in
8fb10c2b: folds
Hero: folds
7081b34c: folds
714f3fa4: folds
7611269c: folds
9411ff6a: folds
84613a35: folds
Uncalled bet (5,583) returned to 6a66b6c4
*** SHOWDOWN ***
6a66b6c4 collected 1,480 from pot
*** SUMMARY ***
Total pot 1,480 | Rake 0 | Jackpot 0 | Bingo 0 | Fortune 0 | Tax 0
Seat 1: 9411ff6a (small blind) folded before Flop
Seat 2: 84613a35 (big blind) folded before Flop
Seat 3: 6a66b6c4 collected (1,480)
Seat 4: 8fb10c2b folded before Flop
Seat 5: Hero folded before Flop
Seat 6: 7081b34c folded before Flop
Seat 7: 714f3fa4 folded before Flop
Seat 8: 7611269c (button) folded before Flop


Poker Hand #TM3597708294: Tournament #158965871, Bounty Hunters Special $1.08 Hold'em No Limit - Level8(200/400) - 2024/08/19 21:54:43
Table '107' 8-max Seat #7 is the button
Seat 1: 9411ff6a (9,760 in chips)
Seat 2: 84613a35 (9,159 in chips)
Seat 3: 6a66b6c4 (6,103 in chips)
Seat 4: 8fb10c2b (9,848 in chips)
Seat 5: Hero (33,914 in chips)
Seat 6: 7081b34c (9,160 in chips)
Seat 7: 714f3fa4 (29,931 in chips)
Seat 8: 7611269c (10,363 in chips)
7081b34c: posts the ante 60
9411ff6a: posts the ante 60
6a66b6c4: posts the ante 60
8fb10c2b: posts the ante 60
84613a35: posts the ante 60
714f3fa4: posts the ante 60
Hero: posts the ante 60
7611269c: posts the ante 60
7611269c: posts small blind 200
9411ff6a: posts big blind 400
*** HOLE CARDS ***
Dealt to 9411ff6a 
Dealt to 84613a35 
Dealt to 6a66b6c4 
Dealt to 8fb10c2b 
Dealt to Hero [Ad Ts]
Dealt to 7081b34c 
Dealt to 714f3fa4 
Dealt to 7611269c 
84613a35: folds
6a66b6c4: folds
8fb10c2b: folds
Hero: raises 480 to 880
7081b34c: folds
714f3fa4: folds
7611269c: folds
9411ff6a: calls 480
*** FLOP *** [8s 6d 4c]
9411ff6a: checks
Hero: bets 1,220
9411ff6a: calls 1,220
*** TURN *** [8s 6d 4c] [Qc]
9411ff6a: checks
Hero: checks
*** RIVER *** [8s 6d 4c Qc] [6c]
9411ff6a: checks
Hero: checks
9411ff6a: shows [4h 3h] (Pair of Sixes and Pair of Fours)
Hero: shows [Ad Ts] (Pair of Sixes)
*** SHOWDOWN ***
9411ff6a collected 4,880 from pot
*** SUMMARY ***
Total pot 4,880 | Rake 0 | Jackpot 0 | Bingo 0 | Fortune 0 | Tax 0
Board [8s 6d 4c Qc 6c]
Seat 1: 9411ff6a (big blind) showed [4h 3h] and won (4,880) with Pair of Sixes and Pair of Fours
Seat 2: 84613a35 folded before Flop
Seat 3: 6a66b6c4 folded before Flop
Seat 4: 8fb10c2b folded before Flop
Seat 5: Hero showed [Ad Ts] and lost with Pair of Sixes
Seat 6: 7081b34c folded before Flop
Seat 7: 714f3fa4 (button) folded before Flop
Seat 8: 7611269c (small blind) folded before Flop


Poker Hand #TM3597708238: Tournament #158965871, Bounty Hunters Special $1.08 Hold'em No Limit - Level8(200/400) - 2024/08/19 21:53:38
Table '107' 8-max Seat #6 is the button
Seat 1: 9411ff6a (9,820 in chips)
Seat 2: 84613a35 (10,960 in chips)
Seat 3: 6a66b6c4 (1,801 in chips)
Seat 4: 8fb10c2b (9,908 in chips)
Seat 5: Hero (33,974 in chips)
Seat 6: 7081b34c (9,220 in chips)
Seat 7: 714f3fa4 (31,732 in chips)
Seat 8: 7611269c (10,823 in chips)
7081b34c: posts the ante 60
9411ff6a: posts the ante 60
6a66b6c4: posts the ante 60
8fb10c2b: posts the ante 60
84613a35: posts the ante 60
714f3fa4: posts the ante 60
Hero: posts the ante 60
7611269c: posts the ante 60
714f3fa4: posts small blind 200
7611269c: posts big blind 400
*** HOLE CARDS ***
Dealt to 9411ff6a 
Dealt to 84613a35 
Dealt to 6a66b6c4 
Dealt to 8fb10c2b 
Dealt to Hero [3c Js]
Dealt to 7081b34c 
Dealt to 714f3fa4 
Dealt to 7611269c 
9411ff6a: folds
84613a35: calls 400
6a66b6c4: raises 1,341 to 1,741 and is all-in
8fb10c2b: folds
Hero: folds
7081b34c: folds
714f3fa4: calls 1,541
7611269c: folds
84613a35: calls 1,341
*** FLOP *** [6c 4d 4s]
714f3fa4: checks
84613a35: bets 3,052
714f3fa4: folds
Uncalled bet (3,052) returned to 84613a35
84613a35: shows [Ts Qd] (Pair of Fours)
6a66b6c4: shows [8c Ks] (Pair of Fours)
*** TURN *** [6c 4d 4s] [9h]
*** RIVER *** [6c 4d 4s 9h] [4c]
*** SHOWDOWN ***
6a66b6c4 collected 6,103 from pot
*** SUMMARY ***
Total pot 6,103 | Rake 0 | Jackpot 0 | Bingo 0 | Fortune 0 | Tax 0
Board [6c 4d 4s 9h 4c]
Seat 1: 9411ff6a folded before Flop
Seat 2: 84613a35 showed [Ts Qd] and lost with Three Fours
Seat 3: 6a66b6c4 showed [8c Ks] and won (6,103) with Three Fours
Seat 4: 8fb10c2b folded before Flop
Seat 5: Hero folded before Flop
Seat 6: 7081b34c (button) folded before Flop
Seat 7: 714f3fa4 (small blind) folded on the Flop
Seat 8: 7611269c (big blind) folded before Flop


Poker Hand #TM3597708209: Tournament #158965871, Bounty Hunters Special $1.08 Hold'em No Limit - Level8(200/400) - 2024/08/19 21:53:04
Table '107' 8-max Seat #5 is the button
Seat 1: 9411ff6a (9,880 in chips)
Seat 2: 84613a35 (9,940 in chips)
Seat 3: 6a66b6c4 (1,861 in chips)
Seat 4: 8fb10c2b (9,968 in chips)
Seat 5: Hero (34,034 in chips)
Seat 6: 7081b34c (9,480 in chips)
Seat 7: 714f3fa4 (32,192 in chips)
Seat 8: 7611269c (10,883 in chips)
9411ff6a: posts the ante 60
7081b34c: posts the ante 60
6a66b6c4: posts the ante 60
8fb10c2b: posts the ante 60
84613a35: posts the ante 60
714f3fa4: posts the ante 60
Hero: posts the ante 60
7611269c: posts the ante 60
7081b34c: posts small blind 200
714f3fa4: posts big blind 400
*** HOLE CARDS ***
Dealt to 9411ff6a 
Dealt to 84613a35 
Dealt to 6a66b6c4 
Dealt to 8fb10c2b 
Dealt to Hero [Td Qd]
Dealt to 7081b34c 
Dealt to 714f3fa4 
Dealt to 7611269c 
7611269c: folds
9411ff6a: folds
84613a35: raises 800 to 1,200
6a66b6c4: folds
8fb10c2b: folds
Hero: folds
7081b34c: folds
714f3fa4: folds
Uncalled bet (800) returned to 84613a35
*** SHOWDOWN ***
84613a35 collected 1,480 from pot
*** SUMMARY ***
Total pot 1,480 | Rake 0 | Jackpot 0 | Bingo 0 | Fortune 0 | Tax 0
Seat 1: 9411ff6a folded before Flop
Seat 2: 84613a35 collected (1,480)
Seat 3: 6a66b6c4 folded before Flop
Seat 4: 8fb10c2b folded before Flop
Seat 5: Hero (button) folded before Flop
Seat 6: 7081b34c (small blind) folded before Flop
Seat 7: 714f3fa4 (big blind) folded before Flop
Seat 8: 7611269c folded before Flop


Poker Hand #TM3597708151: Tournament #158965871, Bounty Hunters Special $1.08 Hold'em No Limit - Level8(200/400) - 2024/08/19 21:51:45
Table '107' 8-max Seat #4 is the button
Seat 1: 9411ff6a (9,940 in chips)
Seat 2: 84613a35 (10,000 in chips)
Seat 3: 6a66b6c4 (1,921 in chips)
Seat 4: 8fb10c2b (10,028 in chips)
Seat 5: Hero (34,294 in chips)
Seat 6: 7081b34c (9,940 in chips)
Seat 7: 714f3fa4 (15,616 in chips)
Seat 8: 7611269c (26,499 in chips)
9411ff6a: posts the ante 60
7081b34c: posts the ante 60
6a66b6c4: posts the ante 60
8fb10c2b: posts the ante 60
84613a35: posts the ante 60
714f3fa4: posts the ante 60
7611269c: posts the ante 60
Hero: posts the ante 60
Hero: posts small blind 200
7081b34c: posts big blind 400
*** HOLE CARDS ***
Dealt to 9411ff6a 
Dealt to 84613a35 
Dealt to 6a66b6c4 
Dealt to 8fb10c2b 
Dealt to Hero [8c Jd]
Dealt to 7081b34c 
Dealt to 714f3fa4 
Dealt to 7611269c 
714f3fa4: calls 400
7611269c: raises 1,200 to 1,600
9411ff6a: folds
84613a35: folds
6a66b6c4: folds
8fb10c2b: folds
Hero: folds
7081b34c: folds
714f3fa4: raises 1,200 to 2,800
7611269c: raises 6,400 to 9,200
714f3fa4: raises 6,356 to 15,556 and is all-in
7611269c: calls 6,356
714f3fa4: shows [As Ah]
7611269c: shows [Ks Kc]
*** FLOP *** [7s 9d 6s]
*** TURN *** [7s 9d 6s] [Qs]
*** RIVER *** [7s 9d 6s Qs] [4d]
*** SHOWDOWN ***
714f3fa4 collected 32,192 from pot
*** SUMMARY ***
Total pot 32,192 | Rake 0 | Jackpot 0 | Bingo 0 | Fortune 0 | Tax 0
Board [7s 9d 6s Qs 4d]
Seat 1: 9411ff6a folded before Flop
Seat 2: 84613a35 folded before Flop
Seat 3: 6a66b6c4 folded before Flop
Seat 4: 8fb10c2b (button) folded before Flop
Seat 5: Hero (small blind) folded before Flop
Seat 6: 7081b34c (big blind) folded before Flop
Seat 7: 714f3fa4 showed [As Ah] and won (32,192) with Pair of Aces
Seat 8: 7611269c showed [Ks Kc] and lost with Pair of Kings


Poker Hand #TM3597708097: Tournament #158965871, Bounty Hunters Special $1.08 Hold'em No Limit - Level8(200/400) - 2024/08/19 21:50:37
Table '107' 8-max Seat #3 is the button
Seat 1: 9411ff6a (10,000 in chips)
Seat 3: 6a66b6c4 (18,518 in chips)
Seat 4: 8fb10c2b (10,888 in chips)
Seat 5: Hero (16,597 in chips)
Seat 6: 7081b34c (10,000 in chips)
Seat 7: 714f3fa4 (15,676 in chips)
Seat 8: 7611269c (26,559 in chips)
9411ff6a: posts the ante 60
7081b34c: posts the ante 60
6a66b6c4: posts the ante 60
8fb10c2b: posts the ante 60
714f3fa4: posts the ante 60
7611269c: posts the ante 60
Hero: posts the ante 60
8fb10c2b: posts small blind 200
Hero: posts big blind 400
*** HOLE CARDS ***
Dealt to 9411ff6a 
Dealt to 6a66b6c4 
Dealt to 8fb10c2b 
Dealt to Hero [Td Th]
Dealt to 7081b34c 
Dealt to 714f3fa4 
Dealt to 7611269c 
7081b34c: folds
714f3fa4: folds
7611269c: folds
9411ff6a: folds
6a66b6c4: raises 400 to 800
8fb10c2b: calls 600
Hero: raises 15,737 to 16,537 and is all-in
6a66b6c4: calls 15,737
8fb10c2b: folds
Hero: shows [Td Th]
6a66b6c4: shows [Qd Js]
*** FLOP *** [8s Ks 4d]
*** TURN *** [8s Ks 4d] [5s]
*** RIVER *** [8s Ks 4d 5s] [Kh]
*** SHOWDOWN ***
Hero collected 34,294 from pot
*** SUMMARY ***
Total pot 34,294 | Rake 0 | Jackpot 0 | Bingo 0 | Fortune 0 | Tax 0
Board [8s Ks 4d 5s Kh]
Seat 1: 9411ff6a folded before Flop
Seat 3: 6a66b6c4 (button) showed [Qd Js] and lost with Pair of Kings
Seat 4: 8fb10c2b (small blind) folded before Flop
Seat 5: Hero (big blind) showed [Td Th] and won (34,294) with Pair of Kings and Pair of Tens
Seat 6: 7081b34c folded before Flop
Seat 7: 714f3fa4 folded before Flop
Seat 8: 7611269c folded before Flop


Poker Hand #TM3597708047: Tournament #158965871, Bounty Hunters Special $1.08 Hold'em No Limit - Level8(200/400) - 2024/08/19 21:49:44
Table '107' 8-max Seat #8 is the button
Seat 2: 5480a759 (3,327 in chips)
Seat 3: 6a66b6c4 (18,978 in chips)
Seat 4: 8fb10c2b (10,948 in chips)
Seat 5: Hero (16,657 in chips)
Seat 7: 714f3fa4 (15,736 in chips)
Seat 8: 7611269c (22,592 in chips)
6a66b6c4: posts the ante 60
8fb10c2b: posts the ante 60
5480a759: posts the ante 60
714f3fa4: posts the ante 60
7611269c: posts the ante 60
Hero: posts the ante 60
5480a759: posts small blind 200
6a66b6c4: posts big blind 400
*** HOLE CARDS ***
Dealt to 5480a759 
Dealt to 6a66b6c4 
Dealt to 8fb10c2b 
Dealt to Hero [9h Kd]
Dealt to 714f3fa4 
Dealt to 7611269c 
8fb10c2b: folds
Hero: folds
714f3fa4: folds
7611269c: raises 400 to 800
5480a759: raises 2,467 to 3,267 and is all-in
6a66b6c4: folds
7611269c: calls 2,467
5480a759: shows [Kc Tc]
7611269c: shows [Qc 9c]
*** FLOP *** [2d Qd 8h]
*** TURN *** [2d Qd 8h] [7c]
*** RIVER *** [2d Qd 8h 7c] [5c]
*** SHOWDOWN ***
7611269c collected 7,294 from pot
*** SUMMARY ***
Total pot 7,294 | Rake 0 | Jackpot 0 | Bingo 0 | Fortune 0 | Tax 0
Board [2d Qd 8h 7c 5c]
Seat 2: 5480a759 (small blind) showed [Kc Tc] and lost with King-High
Seat 3: 6a66b6c4 (big blind) folded before Flop
Seat 4: 8fb10c2b folded before Flop
Seat 5: Hero folded before Flop
Seat 7: 714f3fa4 folded before Flop
Seat 8: 7611269c (button) showed [Qc 9c] and won (7,294) with Pair of Queens


Poker Hand #TM3597707994: Tournament #158965871, Bounty Hunters Special $1.08 Hold'em No Limit - Level8(200/400) - 2024/08/19 21:48:47
Table '107' 8-max Seat #7 is the button
Seat 2: 5480a759 (3,787 in chips)
Seat 3: 6a66b6c4 (19,038 in chips)
Seat 4: 8fb10c2b (11,008 in chips)
Seat 5: Hero (17,117 in chips)
Seat 6: d2342b (5,248 in chips)
Seat 7: 714f3fa4 (23,888 in chips)
Seat 8: 7611269c (8,152 in chips)
6a66b6c4: posts the ante 60
8fb10c2b: posts the ante 60
5480a759: posts the ante 60
d2342b: posts the ante 60
714f3fa4: posts the ante 60
Hero: posts the ante 60
7611269c: posts the ante 60
7611269c: posts small blind 200
5480a759: posts big blind 400
*** HOLE CARDS ***
Dealt to 5480a759 
Dealt to 6a66b6c4 
Dealt to 8fb10c2b 
Dealt to Hero [Kd Js]
Dealt to d2342b 
Dealt to 714f3fa4 
Dealt to 7611269c 
6a66b6c4: folds
8fb10c2b: folds
Hero: calls 400
d2342b: raises 4,788 to 5,188 and is all-in
714f3fa4: calls 5,188
7611269c: raises 2,904 to 8,092 and is all-in
5480a759: folds
Hero: folds
714f3fa4: calls 2,904
7611269c: shows [Kc Ah]
d2342b: shows [Ac Td]
714f3fa4: shows [Jh Qh]
*** FLOP *** [Ks Ts 4h]
*** TURN *** [Ks Ts 4h] [2d]
*** RIVER *** [Ks Ts 4h 2d] [5h]
Hero: shows [Kd Js] (Pair of Kings)
*** SHOWDOWN ***
7611269c collected 16,784 from pot
7611269c collected 5,808 from pot
*** SUMMARY ***
Total pot 22,592 | Rake 0 | Jackpot 0 | Bingo 0 | Fortune 0 | Tax 0
Board [Ks Ts 4h 2d 5h]
Seat 2: 5480a759 (big blind) folded before Flop
Seat 3: 6a66b6c4 folded before Flop
Seat 4: 8fb10c2b folded before Flop
Seat 5: Hero folded before Flop
Seat 6: d2342b showed [Ac Td] and lost with Pair of Tens
Seat 7: 714f3fa4 (button) showed [Jh Qh] and lost with King-High
Seat 8: 7611269c (small blind) showed [Kc Ah] and won (22,592) with Pair of Kings


Poker Hand #TM3597707962: Tournament #158965871, Bounty Hunters Special $1.08 Hold'em No Limit - Level8(200/400) - 2024/08/19 21:48:09
Table '107' 8-max Seat #6 is the button
Seat 1: 8aaa6493 (59,712 in chips)
Seat 2: 5480a759 (3,847 in chips)
Seat 3: 6a66b6c4 (19,098 in chips)
Seat 4: 8fb10c2b (11,068 in chips)
Seat 5: Hero (16,097 in chips)
Seat 6: d2342b (5,308 in chips)
Seat 7: 714f3fa4 (24,148 in chips)
Seat 8: 7611269c (8,612 in chips)
6a66b6c4: posts the ante 60
8fb10c2b: posts the ante 60
8aaa6493: posts the ante 60
5480a759: posts the ante 60
d2342b: posts the ante 60
714f3fa4: posts the ante 60
Hero: posts the ante 60
7611269c: posts the ante 60
714f3fa4: posts small blind 200
7611269c: posts big blind 400
*** HOLE CARDS ***
Dealt to 8aaa6493 
Dealt to 5480a759 
Dealt to 6a66b6c4 
Dealt to 8fb10c2b 
Dealt to Hero [Ts 9d]
Dealt to d2342b 
Dealt to 714f3fa4 
Dealt to 7611269c 
8aaa6493: folds
5480a759: folds
6a66b6c4: folds
8fb10c2b: folds
Hero: raises 400 to 800
d2342b: folds
714f3fa4: folds
7611269c: folds
Uncalled bet (400) returned to Hero
*** SHOWDOWN ***
Hero collected 1,480 from pot
*** SUMMARY ***
Total pot 1,480 | Rake 0 | Jackpot 0 | Bingo 0 | Fortune 0 | Tax 0
Seat 1: 8aaa6493 folded before Flop
Seat 2: 5480a759 folded before Flop
Seat 3: 6a66b6c4 folded before Flop
Seat 4: 8fb10c2b folded before Flop
Seat 5: Hero collected (1,480)
Seat 6: d2342b (button) folded before Flop
Seat 7: 714f3fa4 (small blind) folded before Flop
Seat 8: 7611269c (big blind) folded before Flop


Poker Hand #TM3597707915: Tournament #158965871, Bounty Hunters Special $1.08 Hold'em No Limit - Level8(200/400) - 2024/08/19 21:47:19
Table '107' 8-max Seat #5 is the button
Seat 1: 8aaa6493 (59,772 in chips)
Seat 2: 5480a759 (3,907 in chips)
Seat 3: 6a66b6c4 (19,158 in chips)
Seat 4: 8fb10c2b (11,128 in chips)
Seat 5: Hero (15,077 in chips)
Seat 6: d2342b (5,568 in chips)
Seat 7: 714f3fa4 (24,608 in chips)
Seat 8: 7611269c (8,672 in chips)
6a66b6c4: posts the ante 60
8fb10c2b: posts the ante 60
8aaa6493: posts the ante 60
5480a759: posts the ante 60
d2342b: posts the ante 60
714f3fa4: posts the ante 60
Hero: posts the ante 60
7611269c: posts the ante 60
d2342b: posts small blind 200
714f3fa4: posts big blind 400
*** HOLE CARDS ***
Dealt to 8aaa6493 
Dealt to 5480a759 
Dealt to 6a66b6c4 
Dealt to 8fb10c2b 
Dealt to Hero [8c Qc]
Dealt to d2342b 
Dealt to 714f3fa4 
Dealt to 7611269c 
7611269c: folds
8aaa6493: folds
5480a759: folds
6a66b6c4: folds
8fb10c2b: folds
Hero: raises 480 to 880
d2342b: folds
714f3fa4: folds
Uncalled bet (480) returned to Hero
*** SHOWDOWN ***
Hero collected 1,480 from pot
*** SUMMARY ***
Total pot 1,480 | Rake 0 | Jackpot 0 | Bingo 0 | Fortune 0 | Tax 0
Seat 1: 8aaa6493 folded before Flop
Seat 2: 5480a759 folded before Flop
Seat 3: 6a66b6c4 folded before Flop
Seat 4: 8fb10c2b folded before Flop
Seat 5: Hero (button) collected (1,480)
Seat 6: d2342b (small blind) folded before Flop
Seat 7: 714f3fa4 (big blind) folded before Flop
Seat 8: 7611269c folded before Flop


Poker Hand #TM3597707837: Tournament #158965871, Bounty Hunters Special $1.08 Hold'em No Limit - Level7(175/350) - 2024/08/19 21:45:52
Table '107' 8-max Seat #4 is the button
Seat 1: 8aaa6493 (59,822 in chips)
Seat 2: 5480a759 (3,957 in chips)
Seat 3: 6a66b6c4 (20,152 in chips)
Seat 4: 8fb10c2b (11,178 in chips)
Seat 5: Hero (15,477 in chips)
Seat 6: d2342b (5,968 in chips)
Seat 7: 714f3fa4 (22,614 in chips)
Seat 8: 7611269c (8,722 in chips)
6a66b6c4: posts the ante 50
8fb10c2b: posts the ante 50
8aaa6493: posts the ante 50
5480a759: posts the ante 50
d2342b: posts the ante 50
714f3fa4: posts the ante 50
7611269c: posts the ante 50
Hero: posts the ante 50
Hero: posts small blind 175
d2342b: posts big blind 350
*** HOLE CARDS ***
Dealt to 8aaa6493 
Dealt to 5480a759 
Dealt to 6a66b6c4 
Dealt to 8fb10c2b 
Dealt to Hero [9d Kh]
Dealt to d2342b 
Dealt to 714f3fa4 
Dealt to 7611269c 
714f3fa4: calls 350
7611269c: folds
8aaa6493: folds
5480a759: folds
6a66b6c4: calls 350
8fb10c2b: folds
Hero: calls 175
d2342b: checks
*** FLOP *** [2c Js Tc]
Hero: checks
d2342b: checks
714f3fa4: bets 594
6a66b6c4: calls 594
Hero: folds
d2342b: folds
*** TURN *** [2c Js Tc] [Ac]
714f3fa4: bets 1,494
6a66b6c4: folds
Uncalled bet (1,494) returned to 714f3fa4
*** SHOWDOWN ***
714f3fa4 collected 2,988 from pot
*** SUMMARY ***
Total pot 2,988 | Rake 0 | Jackpot 0 | Bingo 0 | Fortune 0 | Tax 0
Board [2c Js Tc Ac]
Seat 1: 8aaa6493 folded before Flop
Seat 2: 5480a759 folded before Flop
Seat 3: 6a66b6c4 folded on the Turn
Seat 4: 8fb10c2b (button) folded before Flop
Seat 5: Hero (small blind) folded on the Flop
Seat 6: d2342b (big blind) folded on the Flop
Seat 7: 714f3fa4 won (2,988)
Seat 8: 7611269c folded before Flop


Poker Hand #TM3597707791: Tournament #158965871, Bounty Hunters Special $1.08 Hold'em No Limit - Level7(175/350) - 2024/08/19 21:44:55
Table '107' 8-max Seat #3 is the button
Seat 1: 8aaa6493 (59,872 in chips)
Seat 2: 5480a759 (4,007 in chips)
Seat 3: 6a66b6c4 (16,552 in chips)
Seat 4: 8fb10c2b (12,115 in chips)
Seat 5: Hero (15,877 in chips)
Seat 6: d2342b (6,018 in chips)
Seat 7: 714f3fa4 (24,677 in chips)
Seat 8: 7611269c (8,772 in chips)
6a66b6c4: posts the ante 50
8fb10c2b: posts the ante 50
8aaa6493: posts the ante 50
5480a759: posts the ante 50
d2342b: posts the ante 50
714f3fa4: posts the ante 50
7611269c: posts the ante 50
Hero: posts the ante 50
8fb10c2b: posts small blind 175
Hero: posts big blind 350
*** HOLE CARDS ***
Dealt to 8aaa6493 
Dealt to 5480a759 
Dealt to 6a66b6c4 
Dealt to 8fb10c2b 
Dealt to Hero [As 7h]
Dealt to d2342b 
Dealt to 714f3fa4 
Dealt to 7611269c 
d2342b: folds
714f3fa4: calls 350
7611269c: folds
8aaa6493: folds
5480a759: folds
6a66b6c4: raises 537 to 887
8fb10c2b: calls 712
Hero: folds
714f3fa4: calls 537
*** FLOP *** [Qc Qh Ks]
8fb10c2b: checks
714f3fa4: bets 1,126
6a66b6c4: calls 1,126
8fb10c2b: folds
*** TURN *** [Qc Qh Ks] [6s]
714f3fa4: checks
6a66b6c4: bets 1,869
714f3fa4: folds
Uncalled bet (1,869) returned to 6a66b6c4
*** SHOWDOWN ***
6a66b6c4 collected 5,663 from pot
*** SUMMARY ***
Total pot 5,663 | Rake 0 | Jackpot 0 | Bingo 0 | Fortune 0 | Tax 0
Board [Qc Qh Ks 6s]
Seat 1: 8aaa6493 folded before Flop
Seat 2: 5480a759 folded before Flop
Seat 3: 6a66b6c4 (button) won (5,663)
Seat 4: 8fb10c2b (small blind) folded on the Flop
Seat 5: Hero (big blind) folded before Flop
Seat 6: d2342b folded before Flop
Seat 7: 714f3fa4 folded on the Turn
Seat 8: 7611269c folded before Flop


Poker Hand #TM3597707748: Tournament #158965871, Bounty Hunters Special $1.08 Hold'em No Limit - Level7(175/350) - 2024/08/19 21:43:54
Table '107' 8-max Seat #2 is the button
Seat 1: 8aaa6493 (59,922 in chips)
Seat 2: 8fe80b7a (6,248 in chips)
Seat 3: 6a66b6c4 (16,777 in chips)
Seat 4: 8fb10c2b (12,515 in chips)
Seat 5: Hero (8,804 in chips)
Seat 6: d2342b (6,068 in chips)
Seat 7: 714f3fa4 (24,727 in chips)
Seat 8: 7611269c (8,822 in chips)
6a66b6c4: posts the ante 50
8fb10c2b: posts the ante 50
8aaa6493: posts the ante 50
8fe80b7a: posts the ante 50
d2342b: posts the ante 50
714f3fa4: posts the ante 50
7611269c: posts the ante 50
Hero: posts the ante 50
6a66b6c4: posts small blind 175
8fb10c2b: posts big blind 350
*** HOLE CARDS ***
Dealt to 8aaa6493 
Dealt to 8fe80b7a 
Dealt to 6a66b6c4 
Dealt to 8fb10c2b 
Dealt to Hero [Td Jd]
Dealt to d2342b 
Dealt to 714f3fa4 
Dealt to 7611269c 
Hero: raises 420 to 770
d2342b: folds
714f3fa4: folds
7611269c: folds
8aaa6493: folds
8fe80b7a: raises 5,428 to 6,198 and is all-in
6a66b6c4: folds
8fb10c2b: folds
Hero: calls 5,428
8fe80b7a: shows [5s As]
Hero: shows [Td Jd]
*** FLOP *** [6c Ts 6s]
*** TURN *** [6c Ts 6s] [9d]
*** RIVER *** [6c Ts 6s 9d] [3d]
*** SHOWDOWN ***
Hero collected 13,321 from pot
*** SUMMARY ***
Total pot 13,321 | Rake 0 | Jackpot 0 | Bingo 0 | Fortune 0 | Tax 0
Board [6c Ts 6s 9d 3d]
Seat 1: 8aaa6493 folded before Flop
Seat 2: 8fe80b7a (button) showed [5s As] and lost with Pair of Sixes
Seat 3: 6a66b6c4 (small blind) folded before Flop
Seat 4: 8fb10c2b (big blind) folded before Flop
Seat 5: Hero showed [Td Jd] and won (13,321) with Pair of Tens and Pair of Sixes
Seat 6: d2342b folded before Flop
Seat 7: 714f3fa4 folded before Flop
Seat 8: 7611269c folded before Flop


Poker Hand #TM3597707691: Tournament #158965871, Bounty Hunters Special $1.08 Hold'em No Limit - Level7(175/350) - 2024/08/19 21:42:42
Table '107' 8-max Seat #1 is the button
Seat 1: 8aaa6493 (39,064 in chips)
Seat 2: 8fe80b7a (6,473 in chips)
Seat 3: 6a66b6c4 (17,177 in chips)
Seat 4: 8fb10c2b (31,848 in chips)
Seat 5: Hero (9,554 in chips)
Seat 6: d2342b (6,118 in chips)
Seat 7: 714f3fa4 (24,777 in chips)
Seat 8: 7611269c (8,872 in chips)
6a66b6c4: posts the ante 50
8fb10c2b: posts the ante 50
8aaa6493: posts the ante 50
8fe80b7a: posts the ante 50
d2342b: posts the ante 50
714f3fa4: posts the ante 50
7611269c: posts the ante 50
Hero: posts the ante 50
8fe80b7a: posts small blind 175
6a66b6c4: posts big blind 350
*** HOLE CARDS ***
Dealt to 8aaa6493 
Dealt to 8fe80b7a 
Dealt to 6a66b6c4 
Dealt to 8fb10c2b 
Dealt to Hero [Jh As]
Dealt to d2342b 
Dealt to 714f3fa4 
Dealt to 7611269c 
8fb10c2b: raises 350 to 700
Hero: calls 700
d2342b: folds
714f3fa4: folds
7611269c: folds
8aaa6493: calls 700
8fe80b7a: folds
6a66b6c4: folds
*** FLOP *** [9d 8s 6c]
8fb10c2b: bets 999
Hero: folds
8aaa6493: calls 999
*** TURN *** [9d 8s 6c] [2d]
8fb10c2b: bets 2,512
8aaa6493: calls 2,512
*** RIVER *** [9d 8s 6c 2d] [8h]
8fb10c2b: bets 5,024
8aaa6493: raises 10,048 to 15,072
8fb10c2b: calls 10,048
8aaa6493: shows [9h 9s] (Nines Full over Eights)
8fb10c2b: shows [8d Td] (Three Eights)
*** SHOWDOWN ***
8aaa6493 collected 40,191 from pot
*** SUMMARY ***
Total pot 40,191 | Rake 0 | Jackpot 0 | Bingo 0 | Fortune 0 | Tax 0
Board [9d 8s 6c 2d 8h]
Seat 1: 8aaa6493 (button) showed [9h 9s] and won (40,191) with Nines Full over Eights
Seat 2: 8fe80b7a (small blind) folded before Flop
Seat 3: 6a66b6c4 (big blind) folded before Flop
Seat 4: 8fb10c2b showed [8d Td] and lost with Three Eights
Seat 5: Hero folded on the Flop
Seat 6: d2342b folded before Flop
Seat 7: 714f3fa4 folded before Flop
Seat 8: 7611269c folded before Flop


Poker Hand #TM3597707674: Tournament #158965871, Bounty Hunters Special $1.08 Hold'em No Limit - Level7(175/350) - 2024/08/19 21:42:16
Table '107' 8-max Seat #8 is the button
Seat 1: 8aaa6493 (39,289 in chips)
Seat 2: 8fe80b7a (6,873 in chips)
Seat 3: 6a66b6c4 (16,302 in chips)
Seat 4: 8fb10c2b (31,898 in chips)
Seat 5: Hero (9,604 in chips)
Seat 6: d2342b (6,168 in chips)
Seat 7: 714f3fa4 (24,827 in chips)
Seat 8: 7611269c (8,922 in chips)
6a66b6c4: posts the ante 50
8fb10c2b: posts the ante 50
8aaa6493: posts the ante 50
8fe80b7a: posts the ante 50
d2342b: posts the ante 50
714f3fa4: posts the ante 50
7611269c: posts the ante 50
Hero: posts the ante 50
8aaa6493: posts small blind 175
8fe80b7a: posts big blind 350
*** HOLE CARDS ***
Dealt to 8aaa6493 
Dealt to 8fe80b7a 
Dealt to 6a66b6c4 
Dealt to 8fb10c2b 
Dealt to Hero [3d 4c]
Dealt to d2342b 
Dealt to 714f3fa4 
Dealt to 7611269c 
6a66b6c4: raises 700 to 1,050
8fb10c2b: folds
Hero: folds
d2342b: folds
714f3fa4: folds
7611269c: folds
8aaa6493: folds
8fe80b7a: folds
Uncalled bet (700) returned to 6a66b6c4
*** SHOWDOWN ***
6a66b6c4 collected 1,275 from pot
*** SUMMARY ***
Total pot 1,275 | Rake 0 | Jackpot 0 | Bingo 0 | Fortune 0 | Tax 0
Seat 1: 8aaa6493 (small blind) folded before Flop
Seat 2: 8fe80b7a (big blind) folded before Flop
Seat 3: 6a66b6c4 collected (1,275)
Seat 4: 8fb10c2b folded before Flop
Seat 5: Hero folded before Flop
Seat 6: d2342b folded before Flop
Seat 7: 714f3fa4 folded before Flop
Seat 8: 7611269c (button) folded before Flop


Poker Hand #TM3597707569: Tournament #158965871, Bounty Hunters Special $1.08 Hold'em No Limit - Level7(175/350) - 2024/08/19 21:40:01
Table '107' 8-max Seat #7 is the button
Seat 1: 8aaa6493 (18,150 in chips)
Seat 2: 8fe80b7a (8,737 in chips)
Seat 3: 6a66b6c4 (16,352 in chips)
Seat 4: 8fb10c2b (31,948 in chips)
Seat 5: Hero (10,354 in chips)
Seat 6: d2342b (24,318 in chips)
Seat 7: 714f3fa4 (24,877 in chips)
Seat 8: 7611269c (9,147 in chips)
6a66b6c4: posts the ante 50
8fb10c2b: posts the ante 50
8aaa6493: posts the ante 50
8fe80b7a: posts the ante 50
d2342b: posts the ante 50
714f3fa4: posts the ante 50
Hero: posts the ante 50
7611269c: posts the ante 50
7611269c: posts small blind 175
8aaa6493: posts big blind 350
*** HOLE CARDS ***
Dealt to 8aaa6493 
Dealt to 8fe80b7a 
Dealt to 6a66b6c4 
Dealt to 8fb10c2b 
Dealt to Hero [Ad Td]
Dealt to d2342b 
Dealt to 714f3fa4 
Dealt to 7611269c 
8fe80b7a: raises 350 to 700
6a66b6c4: folds
8fb10c2b: folds
Hero: calls 700
d2342b: calls 700
714f3fa4: folds
7611269c: folds
8aaa6493: calls 350
*** FLOP *** [5h 9s 2c]
8aaa6493: checks
8fe80b7a: bets 1,114
Hero: folds
d2342b: calls 1,114
8aaa6493: calls 1,114
*** TURN *** [5h 9s 2c] [7c]
8aaa6493: checks
8fe80b7a: checks
d2342b: bets 5,038
8aaa6493: raises 11,248 to 16,286 and is all-in
8fe80b7a: folds
d2342b: calls 11,248
8aaa6493: shows [6s 8s] (Nines-High Straight)
d2342b: shows [7s 7d] (Three Sevens)
*** RIVER *** [5h 9s 2c 7c] [4c]
*** SHOWDOWN ***
8aaa6493 collected 39,289 from pot
*** SUMMARY ***
Total pot 39,289 | Rake 0 | Jackpot 0 | Bingo 0 | Fortune 0 | Tax 0
Board [5h 9s 2c 7c 4c]
Seat 1: 8aaa6493 (big blind) showed [6s 8s] and won (39,289) with Nines-High Straight
Seat 2: 8fe80b7a folded on the Turn
Seat 3: 6a66b6c4 folded before Flop
Seat 4: 8fb10c2b folded before Flop
Seat 5: Hero folded on the Flop
Seat 6: d2342b showed [7s 7d] and lost with Three Sevens
Seat 7: 714f3fa4 (button) folded before Flop
Seat 8: 7611269c (small blind) folded before Flop


Poker Hand #TM3597707548: Tournament #158965871, Bounty Hunters Special $1.08 Hold'em No Limit - Level7(175/350) - 2024/08/19 21:39:31
Table '107' 8-max Seat #6 is the button
Seat 1: 8aaa6493 (18,200 in chips)
Seat 2: 8fe80b7a (8,787 in chips)
Seat 3: 6a66b6c4 (16,402 in chips)
Seat 4: 8fb10c2b (31,073 in chips)
Seat 5: Hero (10,404 in chips)
Seat 6: d2342b (24,368 in chips)
Seat 7: 714f3fa4 (25,102 in chips)
Seat 8: 7611269c (9,547 in chips)
6a66b6c4: posts the ante 50
8fb10c2b: posts the ante 50
8aaa6493: posts the ante 50
8fe80b7a: posts the ante 50
d2342b: posts the ante 50
714f3fa4: posts the ante 50
Hero: posts the ante 50
7611269c: posts the ante 50
714f3fa4: posts small blind 175
7611269c: posts big blind 350
*** HOLE CARDS ***
Dealt to 8aaa6493 
Dealt to 8fe80b7a 
Dealt to 6a66b6c4 
Dealt to 8fb10c2b 
Dealt to Hero [3s Qc]
Dealt to d2342b 
Dealt to 714f3fa4 
Dealt to 7611269c 
8aaa6493: folds
8fe80b7a: folds
6a66b6c4: folds
8fb10c2b: raises 700 to 1,050
Hero: folds
d2342b: folds
714f3fa4: folds
7611269c: folds
Uncalled bet (700) returned to 8fb10c2b
*** SHOWDOWN ***
8fb10c2b collected 1,275 from pot
*** SUMMARY ***
Total pot 1,275 | Rake 0 | Jackpot 0 | Bingo 0 | Fortune 0 | Tax 0
Seat 1: 8aaa6493 folded before Flop
Seat 2: 8fe80b7a folded before Flop
Seat 3: 6a66b6c4 folded before Flop
Seat 4: 8fb10c2b collected (1,275)
Seat 5: Hero folded before Flop
Seat 6: d2342b (button) folded before Flop
Seat 7: 714f3fa4 (small blind) folded before Flop
Seat 8: 7611269c (big blind) folded before Flop


Poker Hand #TM3597707521: Tournament #158965871, Bounty Hunters Special $1.08 Hold'em No Limit - Level7(175/350) - 2024/08/19 21:38:58
Table '107' 8-max Seat #5 is the button
Seat 1: 8aaa6493 (18,250 in chips)
Seat 2: 8fe80b7a (7,212 in chips)
Seat 3: 6a66b6c4 (16,452 in chips)
Seat 4: 8fb10c2b (31,823 in chips)
Seat 5: Hero (10,454 in chips)
Seat 6: d2342b (24,593 in chips)
Seat 7: 714f3fa4 (25,502 in chips)
Seat 8: 7611269c (9,597 in chips)
6a66b6c4: posts the ante 50
8fb10c2b: posts the ante 50
8aaa6493: posts the ante 50
8fe80b7a: posts the ante 50
d2342b: posts the ante 50
714f3fa4: posts the ante 50
Hero: posts the ante 50
7611269c: posts the ante 50
d2342b: posts small blind 175
714f3fa4: posts big blind 350
*** HOLE CARDS ***
Dealt to 8aaa6493 
Dealt to 8fe80b7a 
Dealt to 6a66b6c4 
Dealt to 8fb10c2b 
Dealt to Hero [3c Jd]
Dealt to d2342b 
Dealt to 714f3fa4 
Dealt to 7611269c 
7611269c: folds
8aaa6493: folds
8fe80b7a: raises 350 to 700
6a66b6c4: folds
8fb10c2b: calls 700
Hero: folds
d2342b: folds
714f3fa4: folds
*** FLOP *** [4s As Td]
8fe80b7a: bets 768
8fb10c2b: folds
Uncalled bet (768) returned to 8fe80b7a
*** SHOWDOWN ***
8fe80b7a collected 2,325 from pot
*** SUMMARY ***
Total pot 2,325 | Rake 0 | Jackpot 0 | Bingo 0 | Fortune 0 | Tax 0
Board [4s As Td]
Seat 1: 8aaa6493 folded before Flop
Seat 2: 8fe80b7a won (2,325)
Seat 3: 6a66b6c4 folded before Flop
Seat 4: 8fb10c2b folded on the Flop
Seat 5: Hero (button) folded before Flop
Seat 6: d2342b (small blind) folded before Flop
Seat 7: 714f3fa4 (big blind) folded before Flop
Seat 8: 7611269c folded before Flop


Poker Hand #TM3597707475: Tournament #158965871, Bounty Hunters Special $1.08 Hold'em No Limit - Level7(175/350) - 2024/08/19 21:37:57
Table '107' 8-max Seat #4 is the button
Seat 1: 8aaa6493 (18,300 in chips)
Seat 2: 8fe80b7a (7,262 in chips)
Seat 3: 6a66b6c4 (17,202 in chips)
Seat 4: 8fb10c2b (31,873 in chips)
Seat 5: Hero (11,204 in chips)
Seat 6: d2342b (25,343 in chips)
Seat 7: 714f3fa4 (23,052 in chips)
Seat 8: 7611269c (9,647 in chips)
6a66b6c4: posts the ante 50
8fb10c2b: posts the ante 50
8aaa6493: posts the ante 50
8fe80b7a: posts the ante 50
d2342b: posts the ante 50
714f3fa4: posts the ante 50
7611269c: posts the ante 50
Hero: posts the ante 50
Hero: posts small blind 175
d2342b: posts big blind 350
*** HOLE CARDS ***
Dealt to 8aaa6493 
Dealt to 8fe80b7a 
Dealt to 6a66b6c4 
Dealt to 8fb10c2b 
Dealt to Hero [Jd Ac]
Dealt to d2342b 
Dealt to 714f3fa4 
Dealt to 7611269c 
714f3fa4: calls 350
7611269c: folds
8aaa6493: folds
8fe80b7a: folds
6a66b6c4: raises 350 to 700
8fb10c2b: folds
Hero: calls 525
d2342b: calls 350
714f3fa4: calls 350
*** FLOP *** [9s 9d 6c]
Hero: checks
d2342b: checks
714f3fa4: bets 1,056
6a66b6c4: folds
Hero: folds
d2342b: folds
Uncalled bet (1,056) returned to 714f3fa4
*** SHOWDOWN ***
714f3fa4 collected 3,200 from pot
*** SUMMARY ***
Total pot 3,200 | Rake 0 | Jackpot 0 | Bingo 0 | Fortune 0 | Tax 0
Board [9s 9d 6c]
Seat 1: 8aaa6493 folded before Flop
Seat 2: 8fe80b7a folded before Flop
Seat 3: 6a66b6c4 folded on the Flop
Seat 4: 8fb10c2b (button) folded before Flop
Seat 5: Hero (small blind) folded on the Flop
Seat 6: d2342b (big blind) folded on the Flop
Seat 7: 714f3fa4 won (3,200)
Seat 8: 7611269c folded before Flop


Poker Hand #TM3597707456: Tournament #158965871, Bounty Hunters Special $1.08 Hold'em No Limit - Level7(175/350) - 2024/08/19 21:37:30
Table '107' 8-max Seat #3 is the button
Seat 1: 8aaa6493 (18,350 in chips)
Seat 2: 8fe80b7a (7,312 in chips)
Seat 3: 6a66b6c4 (17,252 in chips)
Seat 4: 8fb10c2b (31,173 in chips)
Seat 5: Hero (11,604 in chips)
Seat 6: d2342b (25,393 in chips)
Seat 7: 714f3fa4 (23,102 in chips)
Seat 8: 7611269c (9,697 in chips)
6a66b6c4: posts the ante 50
8fb10c2b: posts the ante 50
8aaa6493: posts the ante 50
8fe80b7a: posts the ante 50
d2342b: posts the ante 50
714f3fa4: posts the ante 50
7611269c: posts the ante 50
Hero: posts the ante 50
8fb10c2b: posts small blind 175
Hero: posts big blind 350
*** HOLE CARDS ***
Dealt to 8aaa6493 
Dealt to 8fe80b7a 
Dealt to 6a66b6c4 
Dealt to 8fb10c2b 
Dealt to Hero [3c Ah]
Dealt to d2342b 
Dealt to 714f3fa4 
Dealt to 7611269c 
d2342b: folds
714f3fa4: folds
7611269c: folds
8aaa6493: folds
8fe80b7a: folds
6a66b6c4: folds
8fb10c2b: raises 350 to 700
Hero: folds
Uncalled bet (350) returned to 8fb10c2b
*** SHOWDOWN ***
8fb10c2b collected 1,100 from pot
*** SUMMARY ***
Total pot 1,100 | Rake 0 | Jackpot 0 | Bingo 0 | Fortune 0 | Tax 0
Seat 1: 8aaa6493 folded before Flop
Seat 2: 8fe80b7a folded before Flop
Seat 3: 6a66b6c4 (button) folded before Flop
Seat 4: 8fb10c2b (small blind) collected (1,100)
Seat 5: Hero (big blind) folded before Flop
Seat 6: d2342b folded before Flop
Seat 7: 714f3fa4 folded before Flop
Seat 8: 7611269c folded before Flop


Poker Hand #TM3597707413: Tournament #158965871, Bounty Hunters Special $1.08 Hold'em No Limit - Level6(150/300) - 2024/08/19 21:36:43
Table '107' 8-max Seat #2 is the button
Seat 1: 8aaa6493 (18,395 in chips)
Seat 2: 8fe80b7a (9,460 in chips)
Seat 3: 6a66b6c4 (17,447 in chips)
Seat 4: 8fb10c2b (28,605 in chips)
Seat 5: Hero (11,649 in chips)
Seat 6: d2342b (25,438 in chips)
Seat 7: 714f3fa4 (23,147 in chips)
Seat 8: 7611269c (9,742 in chips)
6a66b6c4: posts the ante 45
8fb10c2b: posts the ante 45
8aaa6493: posts the ante 45
8fe80b7a: posts the ante 45
d2342b: posts the ante 45
714f3fa4: posts the ante 45
7611269c: posts the ante 45
Hero: posts the ante 45
6a66b6c4: posts small blind 150
8fb10c2b: posts big blind 300
*** HOLE CARDS ***
Dealt to 8aaa6493 
Dealt to 8fe80b7a 
Dealt to 6a66b6c4 
Dealt to 8fb10c2b 
Dealt to Hero [8c 2c]
Dealt to d2342b 
Dealt to 714f3fa4 
Dealt to 7611269c 
Hero: folds
d2342b: folds
714f3fa4: folds
7611269c: folds
8aaa6493: folds
8fe80b7a: raises 300 to 600
6a66b6c4: folds
8fb10c2b: calls 300
*** FLOP *** [3s 5h 4d]
8fb10c2b: bets 565
8fe80b7a: calls 565
*** TURN *** [3s 5h 4d] [Ac]
8fb10c2b: bets 938
8fe80b7a: calls 938
*** RIVER *** [3s 5h 4d Ac] [6s]
8fb10c2b: bets 2,358
8fe80b7a: folds
Uncalled bet (2,358) returned to 8fb10c2b
*** SHOWDOWN ***
8fb10c2b collected 4,716 from pot
*** SUMMARY ***
Total pot 4,716 | Rake 0 | Jackpot 0 | Bingo 0 | Fortune 0 | Tax 0
Board [3s 5h 4d Ac 6s]
Seat 1: 8aaa6493 folded before Flop
Seat 2: 8fe80b7a (button) folded on the River
Seat 3: 6a66b6c4 (small blind) folded before Flop
Seat 4: 8fb10c2b (big blind) won (4,716)
Seat 5: Hero folded before Flop
Seat 6: d2342b folded before Flop
Seat 7: 714f3fa4 folded before Flop
Seat 8: 7611269c folded before Flop


Poker Hand #TM3597707374: Tournament #158965871, Bounty Hunters Special $1.08 Hold'em No Limit - Level6(150/300) - 2024/08/19 21:35:48
Table '107' 8-max Seat #1 is the button
Seat 1: 8aaa6493 (18,440 in chips)
Seat 2: 8fe80b7a (9,655 in chips)
Seat 3: 6a66b6c4 (17,792 in chips)
Seat 4: 8fb10c2b (28,650 in chips)
Seat 5: Hero (12,294 in chips)
Seat 6: d2342b (25,483 in chips)
Seat 7: 714f3fa4 (21,782 in chips)
Seat 8: 7611269c (9,787 in chips)
6a66b6c4: posts the ante 45
8fb10c2b: posts the ante 45
8aaa6493: posts the ante 45
8fe80b7a: posts the ante 45
d2342b: posts the ante 45
714f3fa4: posts the ante 45
7611269c: posts the ante 45
Hero: posts the ante 45
8fe80b7a: posts small blind 150
6a66b6c4: posts big blind 300
*** HOLE CARDS ***
Dealt to 8aaa6493 
Dealt to 8fe80b7a 
Dealt to 6a66b6c4 
Dealt to 8fb10c2b 
Dealt to Hero [5s 4s]
Dealt to d2342b 
Dealt to 714f3fa4 
Dealt to 7611269c 
8fb10c2b: folds
Hero: calls 300
d2342b: folds
714f3fa4: raises 300 to 600
7611269c: folds
8aaa6493: folds
8fe80b7a: folds
6a66b6c4: folds
Hero: calls 300
*** FLOP *** [Kd Jd Qd]
Hero: checks
714f3fa4: bets 664
Hero: folds
Uncalled bet (664) returned to 714f3fa4
*** SHOWDOWN ***
714f3fa4 collected 2,010 from pot
*** SUMMARY ***
Total pot 2,010 | Rake 0 | Jackpot 0 | Bingo 0 | Fortune 0 | Tax 0
Board [Kd Jd Qd]
Seat 1: 8aaa6493 (button) folded before Flop
Seat 2: 8fe80b7a (small blind) folded before Flop
Seat 3: 6a66b6c4 (big blind) folded before Flop
Seat 4: 8fb10c2b folded before Flop
Seat 5: Hero folded on the Flop
Seat 6: d2342b folded before Flop
Seat 7: 714f3fa4 won (2,010)
Seat 8: 7611269c folded before Flop


Poker Hand #TM3597707341: Tournament #158965871, Bounty Hunters Special $1.08 Hold'em No Limit - Level6(150/300) - 2024/08/19 21:35:09
Table '107' 8-max Seat #8 is the button
Seat 1: 8aaa6493 (18,635 in chips)
Seat 2: 8fe80b7a (10,000 in chips)
Seat 3: 6a66b6c4 (17,837 in chips)
Seat 4: 8fb10c2b (28,695 in chips)
Seat 5: Hero (11,529 in chips)
Seat 6: d2342b (25,528 in chips)
Seat 7: 714f3fa4 (21,827 in chips)
Seat 8: 7611269c (9,832 in chips)
6a66b6c4: posts the ante 45
8fb10c2b: posts the ante 45
8aaa6493: posts the ante 45
8fe80b7a: posts the ante 45
d2342b: posts the ante 45
714f3fa4: posts the ante 45
7611269c: posts the ante 45
Hero: posts the ante 45
8aaa6493: posts small blind 150
8fe80b7a: posts big blind 300
*** HOLE CARDS ***
Dealt to 8aaa6493 
Dealt to 8fe80b7a 
Dealt to 6a66b6c4 
Dealt to 8fb10c2b 
Dealt to Hero [4h 3h]
Dealt to d2342b 
Dealt to 714f3fa4 
Dealt to 7611269c 
6a66b6c4: folds
8fb10c2b: folds
Hero: raises 360 to 660
d2342b: folds
714f3fa4: folds
7611269c: folds
8aaa6493: folds
8fe80b7a: folds
Uncalled bet (360) returned to Hero
*** SHOWDOWN ***
Hero collected 1,110 from pot
*** SUMMARY ***
Total pot 1,110 | Rake 0 | Jackpot 0 | Bingo 0 | Fortune 0 | Tax 0
Seat 1: 8aaa6493 (small blind) folded before Flop
Seat 2: 8fe80b7a (big blind) folded before Flop
Seat 3: 6a66b6c4 folded before Flop
Seat 4: 8fb10c2b folded before Flop
Seat 5: Hero collected (1,110)
Seat 6: d2342b folded before Flop
Seat 7: 714f3fa4 folded before Flop
Seat 8: 7611269c (button) folded before Flop


Poker Hand #TM3597707311: Tournament #158965871, Bounty Hunters Special $1.08 Hold'em No Limit - Level6(150/300) - 2024/08/19 21:34:26
Table '107' 8-max Seat #7 is the button
Seat 1: 8aaa6493 (18,980 in chips)
Seat 3: 6a66b6c4 (17,117 in chips)
Seat 4: 8fb10c2b (28,740 in chips)
Seat 5: Hero (11,574 in chips)
Seat 6: d2342b (25,573 in chips)
Seat 7: 714f3fa4 (21,872 in chips)
Seat 8: 7611269c (10,027 in chips)
6a66b6c4: posts the ante 45
8fb10c2b: posts the ante 45
8aaa6493: posts the ante 45
d2342b: posts the ante 45
714f3fa4: posts the ante 45
Hero: posts the ante 45
7611269c: posts the ante 45
7611269c: posts small blind 150
8aaa6493: posts big blind 300
*** HOLE CARDS ***
Dealt to 8aaa6493 
Dealt to 6a66b6c4 
Dealt to 8fb10c2b 
Dealt to Hero [7h 2d]
Dealt to d2342b 
Dealt to 714f3fa4 
Dealt to 7611269c 
6a66b6c4: raises 300 to 600
8fb10c2b: folds
Hero: folds
d2342b: folds
714f3fa4: folds
7611269c: folds
8aaa6493: folds
Uncalled bet (300) returned to 6a66b6c4
*** SHOWDOWN ***
6a66b6c4 collected 1,065 from pot
*** SUMMARY ***
Total pot 1,065 | Rake 0 | Jackpot 0 | Bingo 0 | Fortune 0 | Tax 0
Seat 1: 8aaa6493 (big blind) folded before Flop
Seat 3: 6a66b6c4 collected (1,065)
Seat 4: 8fb10c2b folded before Flop
Seat 5: Hero folded before Flop
Seat 6: d2342b folded before Flop
Seat 7: 714f3fa4 (button) folded before Flop
Seat 8: 7611269c (small blind) folded before Flop


Poker Hand #TM3597707287: Tournament #158965871, Bounty Hunters Special $1.08 Hold'em No Limit - Level6(150/300) - 2024/08/19 21:34:03
Table '107' 8-max Seat #6 is the button
Seat 1: 8aaa6493 (19,025 in chips)
Seat 3: 6a66b6c4 (16,397 in chips)
Seat 4: 8fb10c2b (28,785 in chips)
Seat 5: Hero (11,619 in chips)
Seat 6: d2342b (25,618 in chips)
Seat 7: 714f3fa4 (22,067 in chips)
Seat 8: 7611269c (10,372 in chips)
6a66b6c4: posts the ante 45
8fb10c2b: posts the ante 45
8aaa6493: posts the ante 45
d2342b: posts the ante 45
714f3fa4: posts the ante 45
Hero: posts the ante 45
7611269c: posts the ante 45
714f3fa4: posts small blind 150
7611269c: posts big blind 300
*** HOLE CARDS ***
Dealt to 8aaa6493 
Dealt to 6a66b6c4 
Dealt to 8fb10c2b 
Dealt to Hero [6h 3h]
Dealt to d2342b 
Dealt to 714f3fa4 
Dealt to 7611269c 
8aaa6493: folds
6a66b6c4: raises 600 to 900
8fb10c2b: folds
Hero: folds
d2342b: folds
714f3fa4: folds
7611269c: folds
Uncalled bet (600) returned to 6a66b6c4
*** SHOWDOWN ***
6a66b6c4 collected 1,065 from pot
*** SUMMARY ***
Total pot 1,065 | Rake 0 | Jackpot 0 | Bingo 0 | Fortune 0 | Tax 0
Seat 1: 8aaa6493 folded before Flop
Seat 3: 6a66b6c4 collected (1,065)
Seat 4: 8fb10c2b folded before Flop
Seat 5: Hero folded before Flop
Seat 6: d2342b (button) folded before Flop
Seat 7: 714f3fa4 (small blind) folded before Flop
Seat 8: 7611269c (big blind) folded before Flop


Poker Hand #TM3597707228: Tournament #158965871, Bounty Hunters Special $1.08 Hold'em No Limit - Level6(150/300) - 2024/08/19 21:32:47
Table '107' 8-max Seat #5 is the button
Seat 1: 8aaa6493 (19,070 in chips)
Seat 2: 667d5f45 (10,649 in chips)
Seat 3: 6a66b6c4 (17,042 in chips)
Seat 4: 8fb10c2b (16,816 in chips)
Seat 5: Hero (11,664 in chips)
Seat 6: d2342b (25,813 in chips)
Seat 7: 714f3fa4 (22,412 in chips)
Seat 8: 7611269c (10,417 in chips)
6a66b6c4: posts the ante 45
8fb10c2b: posts the ante 45
667d5f45: posts the ante 45
8aaa6493: posts the ante 45
d2342b: posts the ante 45
714f3fa4: posts the ante 45
Hero: posts the ante 45
7611269c: posts the ante 45
d2342b: posts small blind 150
714f3fa4: posts big blind 300
*** HOLE CARDS ***
Dealt to 8aaa6493 
Dealt to 667d5f45 
Dealt to 6a66b6c4 
Dealt to 8fb10c2b 
Dealt to Hero [7h 5d]
Dealt to d2342b 
Dealt to 714f3fa4 
Dealt to 7611269c 
7611269c: folds
8aaa6493: folds
667d5f45: raises 300 to 600
6a66b6c4: calls 600
8fb10c2b: calls 600
Hero: folds
d2342b: folds
714f3fa4: folds
*** FLOP *** [8d 2c Kc]
667d5f45: bets 862
6a66b6c4: folds
8fb10c2b: calls 862
*** TURN *** [8d 2c Kc] [9s]
667d5f45: bets 2,250
8fb10c2b: calls 2,250
*** RIVER *** [8d 2c Kc 9s] [Qs]
667d5f45: bets 6,892 and is all-in
8fb10c2b: calls 6,892
667d5f45: shows [Ad Jd] (Ace-High)
8fb10c2b: shows [Ks Jh] (Pair of Kings)
*** SHOWDOWN ***
8fb10c2b collected 22,618 from pot
*** SUMMARY ***
Total pot 22,618 | Rake 0 | Jackpot 0 | Bingo 0 | Fortune 0 | Tax 0
Board [8d 2c Kc 9s Qs]
Seat 1: 8aaa6493 folded before Flop
Seat 2: 667d5f45 showed [Ad Jd] and lost with Ace-High
Seat 3: 6a66b6c4 folded on the Flop
Seat 4: 8fb10c2b showed [Ks Jh] and won (22,618) with Pair of Kings
Seat 5: Hero (button) folded before Flop
Seat 6: d2342b (small blind) folded before Flop
Seat 7: 714f3fa4 (big blind) folded before Flop
Seat 8: 7611269c folded before Flop


Poker Hand #TM3597707195: Tournament #158965871, Bounty Hunters Special $1.08 Hold'em No Limit - Level6(150/300) - 2024/08/19 21:32:06
Table '107' 8-max Seat #4 is the button
Seat 1: 8aaa6493 (19,115 in chips)
Seat 2: 667d5f45 (10,694 in chips)
Seat 3: 6a66b6c4 (15,677 in chips)
Seat 4: 8fb10c2b (17,461 in chips)
Seat 5: Hero (11,859 in chips)
Seat 6: d2342b (26,158 in chips)
Seat 7: 714f3fa4 (22,457 in chips)
Seat 8: 7611269c (10,462 in chips)
6a66b6c4: posts the ante 45
8fb10c2b: posts the ante 45
667d5f45: posts the ante 45
8aaa6493: posts the ante 45
d2342b: posts the ante 45
714f3fa4: posts the ante 45
7611269c: posts the ante 45
Hero: posts the ante 45
Hero: posts small blind 150
d2342b: posts big blind 300
*** HOLE CARDS ***
Dealt to 8aaa6493 
Dealt to 667d5f45 
Dealt to 6a66b6c4 
Dealt to 8fb10c2b 
Dealt to Hero [9s 6c]
Dealt to d2342b 
Dealt to 714f3fa4 
Dealt to 7611269c 
714f3fa4: folds
7611269c: folds
8aaa6493: folds
667d5f45: folds
6a66b6c4: raises 300 to 600
8fb10c2b: calls 600
Hero: folds
d2342b: folds
*** FLOP *** [5d 4d Kh]
6a66b6c4: bets 300
8fb10c2b: folds
Uncalled bet (300) returned to 6a66b6c4
*** SHOWDOWN ***
6a66b6c4 collected 2,010 from pot
*** SUMMARY ***
Total pot 2,010 | Rake 0 | Jackpot 0 | Bingo 0 | Fortune 0 | Tax 0
Board [5d 4d Kh]
Seat 1: 8aaa6493 folded before Flop
Seat 2: 667d5f45 folded before Flop
Seat 3: 6a66b6c4 won (2,010)
Seat 4: 8fb10c2b (button) folded on the Flop
Seat 5: Hero (small blind) folded before Flop
Seat 6: d2342b (big blind) folded before Flop
Seat 7: 714f3fa4 folded before Flop
Seat 8: 7611269c folded before Flop


Poker Hand #TM3597707153: Tournament #158965871, Bounty Hunters Special $1.08 Hold'em No Limit - Level6(150/300) - 2024/08/19 21:31:18
Table '107' 8-max Seat #3 is the button
Seat 1: 8aaa6493 (19,160 in chips)
Seat 2: 667d5f45 (8,665 in chips)
Seat 3: 6a66b6c4 (15,722 in chips)
Seat 4: 8fb10c2b (17,656 in chips)
Seat 5: Hero (12,204 in chips)
Seat 6: d2342b (27,467 in chips)
Seat 7: 714f3fa4 (22,502 in chips)
Seat 8: 7611269c (10,507 in chips)
6a66b6c4: posts the ante 45
667d5f45: posts the ante 45
8fb10c2b: posts the ante 45
8aaa6493: posts the ante 45
d2342b: posts the ante 45
714f3fa4: posts the ante 45
7611269c: posts the ante 45
Hero: posts the ante 45
8fb10c2b: posts small blind 150
Hero: posts big blind 300
*** HOLE CARDS ***
Dealt to 8aaa6493 
Dealt to 667d5f45 
Dealt to 6a66b6c4 
Dealt to 8fb10c2b 
Dealt to Hero [7c Jh]
Dealt to d2342b 
Dealt to 714f3fa4 
Dealt to 7611269c 
d2342b: raises 300 to 600
714f3fa4: folds
7611269c: folds
8aaa6493: folds
667d5f45: calls 600
6a66b6c4: folds
8fb10c2b: folds
Hero: folds
*** FLOP *** [Qd As 5c]
d2342b: bets 664
667d5f45: calls 664
*** TURN *** [Qd As 5c] [Qs]
d2342b: checks
667d5f45: bets 1,102
d2342b: folds
Uncalled bet (1,102) returned to 667d5f45
*** SHOWDOWN ***
667d5f45 collected 3,338 from pot
*** SUMMARY ***
Total pot 3,338 | Rake 0 | Jackpot 0 | Bingo 0 | Fortune 0 | Tax 0
Board [Qd As 5c Qs]
Seat 1: 8aaa6493 folded before Flop
Seat 2: 667d5f45 won (3,338)
Seat 3: 6a66b6c4 (button) folded before Flop
Seat 4: 8fb10c2b (small blind) folded before Flop
Seat 5: Hero (big blind) folded before Flop
Seat 6: d2342b folded on the Turn
Seat 7: 714f3fa4 folded before Flop
Seat 8: 7611269c folded before Flop


Poker Hand #TM3597707104: Tournament #158965871, Bounty Hunters Special $1.08 Hold'em No Limit - Level6(150/300) - 2024/08/19 21:30:15
Table '107' 8-max Seat #2 is the button
Seat 1: 8aaa6493 (15,035 in chips)
Seat 2: 667d5f45 (8,710 in chips)
Seat 3: 6a66b6c4 (15,917 in chips)
Seat 4: 8fb10c2b (21,361 in chips)
Seat 5: Hero (12,249 in chips)
Seat 6: d2342b (27,512 in chips)
Seat 7: 714f3fa4 (22,547 in chips)
Seat 8: 7611269c (10,552 in chips)
6a66b6c4: posts the ante 45
667d5f45: posts the ante 45
8fb10c2b: posts the ante 45
8aaa6493: posts the ante 45
d2342b: posts the ante 45
714f3fa4: posts the ante 45
7611269c: posts the ante 45
Hero: posts the ante 45
6a66b6c4: posts small blind 150
8fb10c2b: posts big blind 300
*** HOLE CARDS ***
Dealt to 8aaa6493 
Dealt to 667d5f45 
Dealt to 6a66b6c4 
Dealt to 8fb10c2b 
Dealt to Hero [5d As]
Dealt to d2342b 
Dealt to 714f3fa4 
Dealt to 7611269c 
Hero: folds
d2342b: folds
714f3fa4: folds
7611269c: folds
8aaa6493: raises 300 to 600
667d5f45: folds
6a66b6c4: folds
8fb10c2b: calls 300
*** FLOP *** [Kc Js Qc]
8fb10c2b: bets 565
8aaa6493: calls 565
*** TURN *** [Kc Js Qc] [7d]
8fb10c2b: bets 938
8aaa6493: calls 938
*** RIVER *** [Kc Js Qc 7d] [7h]
8fb10c2b: bets 1,557
8aaa6493: calls 1,557
8fb10c2b: shows [Tc 8h] (Pair of Sevens)
8aaa6493: shows [Qh Ah] (Pair of Queens and Pair of Sevens)
*** SHOWDOWN ***
8aaa6493 collected 7,830 from pot
*** SUMMARY ***
Total pot 7,830 | Rake 0 | Jackpot 0 | Bingo 0 | Fortune 0 | Tax 0
Board [Kc Js Qc 7d 7h]
Seat 1: 8aaa6493 showed [Qh Ah] and won (7,830) with Pair of Queens and Pair of Sevens
Seat 2: 667d5f45 (button) folded before Flop
Seat 3: 6a66b6c4 (small blind) folded before Flop
Seat 4: 8fb10c2b (big blind) showed [Tc 8h] and lost with Pair of Sevens
Seat 5: Hero folded before Flop
Seat 6: d2342b folded before Flop
Seat 7: 714f3fa4 folded before Flop
Seat 8: 7611269c folded before Flop


Poker Hand #TM3597707038: Tournament #158965871, Bounty Hunters Special $1.08 Hold'em No Limit - Level6(150/300) - 2024/08/19 21:28:56
Table '107' 8-max Seat #1 is the button
Seat 1: 8aaa6493 (15,080 in chips)
Seat 2: 667d5f45 (9,655 in chips)
Seat 3: 6a66b6c4 (12,272 in chips)
Seat 4: 8fb10c2b (21,406 in chips)
Seat 5: Hero (12,294 in chips)
Seat 6: d2342b (27,557 in chips)
Seat 7: 714f3fa4 (25,022 in chips)
Seat 8: 7611269c (10,597 in chips)
6a66b6c4: posts the ante 45
8fb10c2b: posts the ante 45
667d5f45: posts the ante 45
8aaa6493: posts the ante 45
d2342b: posts the ante 45
714f3fa4: posts the ante 45
7611269c: posts the ante 45
Hero: posts the ante 45
667d5f45: posts small blind 150
6a66b6c4: posts big blind 300
*** HOLE CARDS ***
Dealt to 8aaa6493 
Dealt to 667d5f45 
Dealt to 6a66b6c4 
Dealt to 8fb10c2b 
Dealt to Hero [6d 4c]
Dealt to d2342b 
Dealt to 714f3fa4 
Dealt to 7611269c 
8fb10c2b: folds
Hero: folds
d2342b: folds
714f3fa4: raises 300 to 600
7611269c: folds
8aaa6493: folds
667d5f45: calls 450
6a66b6c4: calls 300
*** FLOP *** [7c 4h 3d]
667d5f45: checks
6a66b6c4: checks
714f3fa4: bets 300
667d5f45: calls 300
6a66b6c4: calls 300
*** TURN *** [7c 4h 3d] [5c]
667d5f45: checks
6a66b6c4: checks
714f3fa4: checks
*** RIVER *** [7c 4h 3d 5c] [Ks]
667d5f45: checks
6a66b6c4: bets 1,530
714f3fa4: calls 1,530
667d5f45: folds
6a66b6c4: shows [6h Qh] (Sevens-High Straight)
714f3fa4: shows [Qs 7s] (Pair of Sevens)
*** SHOWDOWN ***
6a66b6c4 collected 6,120 from pot
*** SUMMARY ***
Total pot 6,120 | Rake 0 | Jackpot 0 | Bingo 0 | Fortune 0 | Tax 0
Board [7c 4h 3d 5c Ks]
Seat 1: 8aaa6493 (button) folded before Flop
Seat 2: 667d5f45 (small blind) folded on the River
Seat 3: 6a66b6c4 (big blind) showed [6h Qh] and won (6,120) with Sevens-High Straight
Seat 4: 8fb10c2b folded before Flop
Seat 5: Hero folded before Flop
Seat 6: d2342b folded before Flop
Seat 7: 714f3fa4 showed [Qs 7s] and lost with Pair of Sevens
Seat 8: 7611269c folded before Flop


Poker Hand #TM3597706980: Tournament #158965871, Bounty Hunters Special $1.08 Hold'em No Limit - Level6(150/300) - 2024/08/19 21:27:30
Table '107' 8-max Seat #8 is the button
Seat 1: 8aaa6493 (15,275 in chips)
Seat 2: 667d5f45 (10,000 in chips)
Seat 3: 6a66b6c4 (14,816 in chips)
Seat 4: 8fb10c2b (21,451 in chips)
Seat 5: Hero (12,639 in chips)
Seat 6: d2342b (27,602 in chips)
Seat 7: 714f3fa4 (25,067 in chips)
Seat 8: 7611269c (7,033 in chips)
6a66b6c4: posts the ante 45
8fb10c2b: posts the ante 45
667d5f45: posts the ante 45
8aaa6493: posts the ante 45
d2342b: posts the ante 45
714f3fa4: posts the ante 45
7611269c: posts the ante 45
Hero: posts the ante 45
8aaa6493: posts small blind 150
667d5f45: posts big blind 300
*** HOLE CARDS ***
Dealt to 8aaa6493 
Dealt to 667d5f45 
Dealt to 6a66b6c4 
Dealt to 8fb10c2b 
Dealt to Hero [7d 9d]
Dealt to d2342b 
Dealt to 714f3fa4 
Dealt to 7611269c 
6a66b6c4: calls 300
8fb10c2b: folds
Hero: calls 300
d2342b: folds
714f3fa4: folds
7611269c: raises 900 to 1,200
8aaa6493: folds
667d5f45: folds
6a66b6c4: calls 900
Hero: folds
*** FLOP *** [Kd Ts Jc]
6a66b6c4: checks
7611269c: bets 1,299
6a66b6c4: calls 1,299
*** TURN *** [Kd Ts Jc] [Jd]
6a66b6c4: checks
7611269c: bets 2,260
6a66b6c4: folds
Uncalled bet (2,260) returned to 7611269c
*** SHOWDOWN ***
7611269c collected 6,108 from pot
*** SUMMARY ***
Total pot 6,108 | Rake 0 | Jackpot 0 | Bingo 0 | Fortune 0 | Tax 0
Board [Kd Ts Jc Jd]
Seat 1: 8aaa6493 (small blind) folded before Flop
Seat 2: 667d5f45 (big blind) folded before Flop
Seat 3: 6a66b6c4 folded on the Turn
Seat 4: 8fb10c2b folded before Flop
Seat 5: Hero folded before Flop
Seat 6: d2342b folded before Flop
Seat 7: 714f3fa4 folded before Flop
Seat 8: 7611269c (button) won (6,108)


Poker Hand #TM3597706945: Tournament #158965871, Bounty Hunters Special $1.08 Hold'em No Limit - Level5(125/250) - 2024/08/19 21:26:51
Table '107' 8-max Seat #7 is the button
Seat 1: 8aaa6493 (15,560 in chips)
Seat 3: 6a66b6c4 (18,781 in chips)
Seat 4: 8fb10c2b (21,486 in chips)
Seat 5: Hero (12,674 in chips)
Seat 6: d2342b (27,637 in chips)
Seat 7: 714f3fa4 (20,552 in chips)
Seat 8: 7611269c (7,193 in chips)
6a66b6c4: posts the ante 35
8fb10c2b: posts the ante 35
8aaa6493: posts the ante 35
d2342b: posts the ante 35
714f3fa4: posts the ante 35
Hero: posts the ante 35
7611269c: posts the ante 35
7611269c: posts small blind 125
8aaa6493: posts big blind 250
*** HOLE CARDS ***
Dealt to 8aaa6493 
Dealt to 6a66b6c4 
Dealt to 8fb10c2b 
Dealt to Hero [5d 8h]
Dealt to d2342b 
Dealt to 714f3fa4 
Dealt to 7611269c 
6a66b6c4: raises 500 to 750
8fb10c2b: folds
Hero: folds
d2342b: folds
714f3fa4: calls 750
7611269c: folds
8aaa6493: folds
*** FLOP *** [6s 7d Tc]
6a66b6c4: bets 1,060
714f3fa4: calls 1,060
*** TURN *** [6s 7d Tc] [4c]
6a66b6c4: bets 2,120
714f3fa4: raises 2,120 to 4,240
6a66b6c4: folds
Uncalled bet (2,120) returned to 714f3fa4
*** SHOWDOWN ***
714f3fa4 collected 8,480 from pot
*** SUMMARY ***
Total pot 8,480 | Rake 0 | Jackpot 0 | Bingo 0 | Fortune 0 | Tax 0
Board [6s 7d Tc 4c]
Seat 1: 8aaa6493 (big blind) folded before Flop
Seat 3: 6a66b6c4 folded on the Turn
Seat 4: 8fb10c2b folded before Flop
Seat 5: Hero folded before Flop
Seat 6: d2342b folded before Flop
Seat 7: 714f3fa4 (button) won (8,480)
Seat 8: 7611269c (small blind) folded before Flop


Poker Hand #TM3597706924: Tournament #158965871, Bounty Hunters Special $1.08 Hold'em No Limit - Level5(125/250) - 2024/08/19 21:26:13
Table '107' 8-max Seat #6 is the button
Seat 1: 8aaa6493 (15,595 in chips)
Seat 3: 6a66b6c4 (18,816 in chips)
Seat 4: 8fb10c2b (22,271 in chips)
Seat 5: Hero (12,709 in chips)
Seat 6: d2342b (27,672 in chips)
Seat 7: 714f3fa4 (19,342 in chips)
Seat 8: 7611269c (7,478 in chips)
6a66b6c4: posts the ante 35
8fb10c2b: posts the ante 35
8aaa6493: posts the ante 35
d2342b: posts the ante 35
714f3fa4: posts the ante 35
Hero: posts the ante 35
7611269c: posts the ante 35
714f3fa4: posts small blind 125
7611269c: posts big blind 250
*** HOLE CARDS ***
Dealt to 8aaa6493 
Dealt to 6a66b6c4 
Dealt to 8fb10c2b 
Dealt to Hero [Jc 4h]
Dealt to d2342b 
Dealt to 714f3fa4 
Dealt to 7611269c 
8aaa6493: folds
6a66b6c4: folds
8fb10c2b: raises 500 to 750
Hero: folds
d2342b: folds
714f3fa4: calls 625
7611269c: folds
*** FLOP *** [5s Ks 7s]
714f3fa4: bets 250
8fb10c2b: folds
Uncalled bet (250) returned to 714f3fa4
*** SHOWDOWN ***
714f3fa4 collected 1,995 from pot
*** SUMMARY ***
Total pot 1,995 | Rake 0 | Jackpot 0 | Bingo 0 | Fortune 0 | Tax 0
Board [5s Ks 7s]
Seat 1: 8aaa6493 folded before Flop
Seat 3: 6a66b6c4 folded before Flop
Seat 4: 8fb10c2b folded on the Flop
Seat 5: Hero folded before Flop
Seat 6: d2342b (button) folded before Flop
Seat 7: 714f3fa4 (small blind) won (1,995)
Seat 8: 7611269c (big blind) folded before Flop


Poker Hand #TM3597706878: Tournament #158965871, Bounty Hunters Special $1.08 Hold'em No Limit - Level5(125/250) - 2024/08/19 21:25:15
Table '107' 8-max Seat #5 is the button
Seat 1: 8aaa6493 (15,630 in chips)
Seat 2: 5008d0e9 (4,592 in chips)
Seat 3: 6a66b6c4 (18,851 in chips)
Seat 4: 8fb10c2b (17,094 in chips)
Seat 5: Hero (12,744 in chips)
Seat 6: d2342b (27,832 in chips)
Seat 7: 714f3fa4 (19,627 in chips)
Seat 8: 7611269c (7,513 in chips)
6a66b6c4: posts the ante 35
8fb10c2b: posts the ante 35
5008d0e9: posts the ante 35
8aaa6493: posts the ante 35
d2342b: posts the ante 35
714f3fa4: posts the ante 35
Hero: posts the ante 35
7611269c: posts the ante 35
d2342b: posts small blind 125
714f3fa4: posts big blind 250
*** HOLE CARDS ***
Dealt to 8aaa6493 
Dealt to 5008d0e9 
Dealt to 6a66b6c4 
Dealt to 8fb10c2b 
Dealt to Hero [4d 4s]
Dealt to d2342b 
Dealt to 714f3fa4 
Dealt to 7611269c 
7611269c: folds
8aaa6493: folds
5008d0e9: raises 4,307 to 4,557 and is all-in
6a66b6c4: folds
8fb10c2b: calls 4,557
Hero: folds
d2342b: folds
714f3fa4: folds
5008d0e9: shows [Ad Qh]
8fb10c2b: shows [Kc Ah]
*** FLOP *** [Th 9h 9s]
*** TURN *** [Th 9h 9s] [Kd]
*** RIVER *** [Th 9h 9s Kd] [As]
*** SHOWDOWN ***
8fb10c2b collected 9,769 from pot
*** SUMMARY ***
Total pot 9,769 | Rake 0 | Jackpot 0 | Bingo 0 | Fortune 0 | Tax 0
Board [Th 9h 9s Kd As]
Seat 1: 8aaa6493 folded before Flop
Seat 2: 5008d0e9 showed [Ad Qh] and lost with Pair of Aces and Pair of Nines
Seat 3: 6a66b6c4 folded before Flop
Seat 4: 8fb10c2b showed [Kc Ah] and won (9,769) with Pair of Aces and Pair of Kings
Seat 5: Hero (button) folded before Flop
Seat 6: d2342b (small blind) folded before Flop
Seat 7: 714f3fa4 (big blind) folded before Flop
Seat 8: 7611269c folded before Flop


Poker Hand #TM3597706837: Tournament #158965871, Bounty Hunters Special $1.08 Hold'em No Limit - Level5(125/250) - 2024/08/19 21:24:19
Table '107' 8-max Seat #4 is the button
Seat 1: 8aaa6493 (15,665 in chips)
Seat 2: 5008d0e9 (4,627 in chips)
Seat 3: 6a66b6c4 (18,886 in chips)
Seat 4: 8fb10c2b (20,504 in chips)
Seat 5: Hero (12,904 in chips)
Seat 6: d2342b (24,087 in chips)
Seat 7: 714f3fa4 (19,662 in chips)
Seat 8: 7611269c (7,548 in chips)
6a66b6c4: posts the ante 35
8fb10c2b: posts the ante 35
5008d0e9: posts the ante 35
8aaa6493: posts the ante 35
d2342b: posts the ante 35
714f3fa4: posts the ante 35
7611269c: posts the ante 35
Hero: posts the ante 35
Hero: posts small blind 125
d2342b: posts big blind 250
*** HOLE CARDS ***
Dealt to 8aaa6493 
Dealt to 5008d0e9 
Dealt to 6a66b6c4 
Dealt to 8fb10c2b 
Dealt to Hero [2d 6c]
Dealt to d2342b 
Dealt to 714f3fa4 
Dealt to 7611269c 
714f3fa4: folds
7611269c: folds
8aaa6493: folds
5008d0e9: folds
6a66b6c4: folds
8fb10c2b: raises 500 to 750
Hero: folds
d2342b: raises 2,625 to 3,375
8fb10c2b: calls 2,625
*** FLOP *** [2s 5s Qh]
d2342b: checks
8fb10c2b: checks
*** TURN *** [2s 5s Qh] [As]
d2342b: bets 5,367
8fb10c2b: folds
Uncalled bet (5,367) returned to d2342b
*** SHOWDOWN ***
d2342b collected 7,155 from pot
*** SUMMARY ***
Total pot 7,155 | Rake 0 | Jackpot 0 | Bingo 0 | Fortune 0 | Tax 0
Board [2s 5s Qh As]
Seat 1: 8aaa6493 folded before Flop
Seat 2: 5008d0e9 folded before Flop
Seat 3: 6a66b6c4 folded before Flop
Seat 4: 8fb10c2b (button) folded on the Turn
Seat 5: Hero (small blind) folded before Flop
Seat 6: d2342b (big blind) won (7,155)
Seat 7: 714f3fa4 folded before Flop
Seat 8: 7611269c folded before Flop


Poker Hand #TM3597706815: Tournament #158965871, Bounty Hunters Special $1.08 Hold'em No Limit - Level5(125/250) - 2024/08/19 21:23:58
Table '107' 8-max Seat #3 is the button
Seat 1: 8aaa6493 (15,700 in chips)
Seat 2: 5008d0e9 (4,007 in chips)
Seat 3: 6a66b6c4 (18,921 in chips)
Seat 4: 8fb10c2b (20,664 in chips)
Seat 5: Hero (13,189 in chips)
Seat 6: d2342b (24,122 in chips)
Seat 7: 714f3fa4 (19,697 in chips)
Seat 8: 7611269c (7,583 in chips)
6a66b6c4: posts the ante 35
8fb10c2b: posts the ante 35
5008d0e9: posts the ante 35
8aaa6493: posts the ante 35
d2342b: posts the ante 35
714f3fa4: posts the ante 35
7611269c: posts the ante 35
Hero: posts the ante 35
8fb10c2b: posts small blind 125
Hero: posts big blind 250
*** HOLE CARDS ***
Dealt to 8aaa6493 
Dealt to 5008d0e9 
Dealt to 6a66b6c4 
Dealt to 8fb10c2b 
Dealt to Hero [6s Td]
Dealt to d2342b 
Dealt to 714f3fa4 
Dealt to 7611269c 
d2342b: folds
714f3fa4: folds
7611269c: folds
8aaa6493: folds
5008d0e9: raises 3,722 to 3,972 and is all-in
6a66b6c4: folds
8fb10c2b: folds
Hero: folds
Uncalled bet (3,722) returned to 5008d0e9
*** SHOWDOWN ***
5008d0e9 collected 905 from pot
*** SUMMARY ***
Total pot 905 | Rake 0 | Jackpot 0 | Bingo 0 | Fortune 0 | Tax 0
Seat 1: 8aaa6493 folded before Flop
Seat 2: 5008d0e9 collected (905)
Seat 3: 6a66b6c4 (button) folded before Flop
Seat 4: 8fb10c2b (small blind) folded before Flop
Seat 5: Hero (big blind) folded before Flop
Seat 6: d2342b folded before Flop
Seat 7: 714f3fa4 folded before Flop
Seat 8: 7611269c folded before Flop


Poker Hand #TM3597706768: Tournament #158965871, Bounty Hunters Special $1.08 Hold'em No Limit - Level5(125/250) - 2024/08/19 21:23:00
Table '107' 8-max Seat #2 is the button
Seat 1: 8aaa6493 (15,735 in chips)
Seat 2: 5008d0e9 (4,591 in chips)
Seat 3: 6a66b6c4 (19,081 in chips)
Seat 4: 8fb10c2b (19,745 in chips)
Seat 5: Hero (13,224 in chips)
Seat 6: d2342b (24,157 in chips)
Seat 7: 714f3fa4 (19,732 in chips)
Seat 8: 7611269c (7,618 in chips)
6a66b6c4: posts the ante 35
8fb10c2b: posts the ante 35
5008d0e9: posts the ante 35
8aaa6493: posts the ante 35
d2342b: posts the ante 35
714f3fa4: posts the ante 35
7611269c: posts the ante 35
Hero: posts the ante 35
6a66b6c4: posts small blind 125
8fb10c2b: posts big blind 250
*** HOLE CARDS ***
Dealt to 8aaa6493 
Dealt to 5008d0e9 
Dealt to 6a66b6c4 
Dealt to 8fb10c2b 
Dealt to Hero [9h 2s]
Dealt to d2342b 
Dealt to 714f3fa4 
Dealt to 7611269c 
Hero: folds
d2342b: folds
714f3fa4: folds
7611269c: folds
8aaa6493: folds
5008d0e9: calls 250
6a66b6c4: folds
8fb10c2b: checks
*** FLOP *** [5h Kh Th]
8fb10c2b: bets 299
5008d0e9: calls 299
*** TURN *** [5h Kh Th] [3h]
8fb10c2b: bets 496
5008d0e9: folds
Uncalled bet (496) returned to 8fb10c2b
*** SHOWDOWN ***
8fb10c2b collected 1,503 from pot
*** SUMMARY ***
Total pot 1,503 | Rake 0 | Jackpot 0 | Bingo 0 | Fortune 0 | Tax 0
Board [5h Kh Th 3h]
Seat 1: 8aaa6493 folded before Flop
Seat 2: 5008d0e9 (button) folded on the Turn
Seat 3: 6a66b6c4 (small blind) folded before Flop
Seat 4: 8fb10c2b (big blind) won (1,503)
Seat 5: Hero folded before Flop
Seat 6: d2342b folded before Flop
Seat 7: 714f3fa4 folded before Flop
Seat 8: 7611269c folded before Flop


Poker Hand #TM3597706724: Tournament #158965871, Bounty Hunters Special $1.08 Hold'em No Limit - Level5(125/250) - 2024/08/19 21:21:57
Table '107' 8-max Seat #1 is the button
Seat 1: 8aaa6493 (15,770 in chips)
Seat 2: 5008d0e9 (14,227 in chips)
Seat 3: 6a66b6c4 (19,366 in chips)
Seat 4: 8fb10c2b (19,780 in chips)
Seat 5: Hero (13,259 in chips)
Seat 6: d2342b (24,192 in chips)
Seat 7: 714f3fa4 (9,636 in chips)
Seat 8: 7611269c (7,653 in chips)
6a66b6c4: posts the ante 35
8fb10c2b: posts the ante 35
8aaa6493: posts the ante 35
5008d0e9: posts the ante 35
d2342b: posts the ante 35
714f3fa4: posts the ante 35
7611269c: posts the ante 35
Hero: posts the ante 35
5008d0e9: posts small blind 125
6a66b6c4: posts big blind 250
*** HOLE CARDS ***
Dealt to 8aaa6493 
Dealt to 5008d0e9 
Dealt to 6a66b6c4 
Dealt to 8fb10c2b 
Dealt to Hero [2d 5c]
Dealt to d2342b 
Dealt to 714f3fa4 
Dealt to 7611269c 
8fb10c2b: folds
Hero: folds
d2342b: folds
714f3fa4: raises 250 to 500
7611269c: folds
8aaa6493: folds
5008d0e9: raises 765 to 1,265
6a66b6c4: folds
714f3fa4: raises 765 to 2,030
5008d0e9: calls 765
*** FLOP *** [8d 4c Kd]
5008d0e9: bets 1,515
714f3fa4: calls 1,515
*** TURN *** [8d 4c Kd] [7s]
5008d0e9: bets 2,515
714f3fa4: raises 2,515 to 5,030
5008d0e9: calls 2,515
*** RIVER *** [8d 4c Kd 7s] [Td]
5008d0e9: bets 5,617 and is all-in
714f3fa4: calls 1,026 and is all-in
Uncalled bet (4,591) returned to 5008d0e9
5008d0e9: shows [Qs Qh] (Pair of Queens)
714f3fa4: shows [8h Kh] (Pair of Kings and Pair of Eights)
*** SHOWDOWN ***
714f3fa4 collected 19,732 from pot
*** SUMMARY ***
Total pot 19,732 | Rake 0 | Jackpot 0 | Bingo 0 | Fortune 0 | Tax 0
Board [8d 4c Kd 7s Td]
Seat 1: 8aaa6493 (button) folded before Flop
Seat 2: 5008d0e9 (small blind) showed [Qs Qh] and lost with Pair of Queens
Seat 3: 6a66b6c4 (big blind) folded before Flop
Seat 4: 8fb10c2b folded before Flop
Seat 5: Hero folded before Flop
Seat 6: d2342b folded before Flop
Seat 7: 714f3fa4 showed [8h Kh] and won (19,732) with Pair of Kings and Pair of Eights
Seat 8: 7611269c folded before Flop


Poker Hand #TM3597706674: Tournament #158965871, Bounty Hunters Special $1.08 Hold'em No Limit - Level5(125/250) - 2024/08/19 21:20:53
Table '107' 8-max Seat #8 is the button
Seat 1: 8aaa6493 (15,930 in chips)
Seat 2: 5008d0e9 (12,123 in chips)
Seat 3: 6a66b6c4 (19,401 in chips)
Seat 4: 8fb10c2b (19,815 in chips)
Seat 5: Hero (13,294 in chips)
Seat 6: d2342b (24,227 in chips)
Seat 7: 714f3fa4 (11,405 in chips)
Seat 8: 7611269c (7,688 in chips)
6a66b6c4: posts the ante 35
8fb10c2b: posts the ante 35
5008d0e9: posts the ante 35
8aaa6493: posts the ante 35
d2342b: posts the ante 35
714f3fa4: posts the ante 35
7611269c: posts the ante 35
Hero: posts the ante 35
8aaa6493: posts small blind 125
5008d0e9: posts big blind 250
*** HOLE CARDS ***
Dealt to 8aaa6493 
Dealt to 5008d0e9 
Dealt to 6a66b6c4 
Dealt to 8fb10c2b 
Dealt to Hero [5s 7h]
Dealt to d2342b 
Dealt to 714f3fa4 
Dealt to 7611269c 
6a66b6c4: folds
8fb10c2b: folds
Hero: folds
d2342b: folds
714f3fa4: raises 250 to 500
7611269c: folds
8aaa6493: folds
5008d0e9: calls 250
*** FLOP *** [Qd Js 3d]
5008d0e9: bets 464
714f3fa4: calls 464
*** TURN *** [Qd Js 3d] [6s]
5008d0e9: bets 770
714f3fa4: calls 770
*** RIVER *** [Qd Js 3d 6s] [8d]
5008d0e9: bets 1,279
714f3fa4: folds
Uncalled bet (1,279) returned to 5008d0e9
*** SHOWDOWN ***
5008d0e9 collected 3,873 from pot
*** SUMMARY ***
Total pot 3,873 | Rake 0 | Jackpot 0 | Bingo 0 | Fortune 0 | Tax 0
Board [Qd Js 3d 6s 8d]
Seat 1: 8aaa6493 (small blind) folded before Flop
Seat 2: 5008d0e9 (big blind) won (3,873)
Seat 3: 6a66b6c4 folded before Flop
Seat 4: 8fb10c2b folded before Flop
Seat 5: Hero folded before Flop
Seat 6: d2342b folded before Flop
Seat 7: 714f3fa4 folded on the River
Seat 8: 7611269c (button) folded before Flop


Poker Hand #TM3597706612: Tournament #158965871, Bounty Hunters Special $1.08 Hold'em No Limit - Level5(125/250) - 2024/08/19 21:19:33
Table '107' 8-max Seat #7 is the button
Seat 1: 8aaa6493 (17,842 in chips)
Seat 2: 5008d0e9 (12,158 in chips)
Seat 3: 6a66b6c4 (19,436 in chips)
Seat 4: 8fb10c2b (19,850 in chips)
Seat 5: Hero (13,579 in chips)
Seat 6: d2342b (21,730 in chips)
Seat 7: 714f3fa4 (11,440 in chips)
Seat 8: 7611269c (7,848 in chips)
6a66b6c4: posts the ante 35
8fb10c2b: posts the ante 35
5008d0e9: posts the ante 35
8aaa6493: posts the ante 35
d2342b: posts the ante 35
714f3fa4: posts the ante 35
Hero: posts the ante 35
7611269c: posts the ante 35
7611269c: posts small blind 125
8aaa6493: posts big blind 250
*** HOLE CARDS ***
Dealt to 8aaa6493 
Dealt to 5008d0e9 
Dealt to 6a66b6c4 
Dealt to 8fb10c2b 
Dealt to Hero [9s Th]
Dealt to d2342b 
Dealt to 714f3fa4 
Dealt to 7611269c 
5008d0e9: folds
6a66b6c4: folds
8fb10c2b: folds
Hero: calls 250
d2342b: raises 750 to 1,000
714f3fa4: folds
7611269c: folds
8aaa6493: calls 750
Hero: folds
*** FLOP *** [Ah 7c 2h]
8aaa6493: checks
d2342b: bets 877
8aaa6493: calls 877
*** TURN *** [Ah 7c 2h] [6d]
8aaa6493: checks
d2342b: bets 3,375
8aaa6493: folds
Uncalled bet (3,375) returned to d2342b
*** SHOWDOWN ***
d2342b collected 4,409 from pot
*** SUMMARY ***
Total pot 4,409 | Rake 0 | Jackpot 0 | Bingo 0 | Fortune 0 | Tax 0
Board [Ah 7c 2h 6d]
Seat 1: 8aaa6493 (big blind) folded on the Turn
Seat 2: 5008d0e9 folded before Flop
Seat 3: 6a66b6c4 folded before Flop
Seat 4: 8fb10c2b folded before Flop
Seat 5: Hero folded before Flop
Seat 6: d2342b won (4,409)
Seat 7: 714f3fa4 (button) folded before Flop
Seat 8: 7611269c (small blind) folded before Flop


Poker Hand #TM3597706546: Tournament #158965871, Bounty Hunters Special $1.08 Hold'em No Limit - Level5(125/250) - 2024/08/19 21:18:19
Table '107' 8-max Seat #6 is the button
Seat 1: 8aaa6493 (17,877 in chips)
Seat 2: 5008d0e9 (5,099 in chips)
Seat 3: 6a66b6c4 (19,471 in chips)
Seat 4: 8fb10c2b (20,635 in chips)
Seat 5: Hero (14,364 in chips)
Seat 6: d2342b (21,765 in chips)
Seat 7: 714f3fa4 (16,539 in chips)
Seat 8: 7611269c (8,133 in chips)
6a66b6c4: posts the ante 35
8fb10c2b: posts the ante 35
5008d0e9: posts the ante 35
8aaa6493: posts the ante 35
d2342b: posts the ante 35
714f3fa4: posts the ante 35
Hero: posts the ante 35
7611269c: posts the ante 35
714f3fa4: posts small blind 125
7611269c: posts big blind 250
*** HOLE CARDS ***
Dealt to 8aaa6493 
Dealt to 5008d0e9 
Dealt to 6a66b6c4 
Dealt to 8fb10c2b 
Dealt to Hero [Kc Td]
Dealt to d2342b 
Dealt to 714f3fa4 
Dealt to 7611269c 
8aaa6493: folds
5008d0e9: calls 250
6a66b6c4: folds
8fb10c2b: raises 500 to 750
Hero: calls 750
d2342b: folds
714f3fa4: raises 2,000 to 2,750
7611269c: folds
5008d0e9: calls 2,500
8fb10c2b: folds
Hero: folds
*** FLOP *** [7c 6h 2s]
714f3fa4: bets 2,485
5008d0e9: calls 2,314 and is all-in
Uncalled bet (171) returned to 714f3fa4
714f3fa4: shows [Qs Ah] (Ace-High)
5008d0e9: shows [5h 8d] (Eight-High)
*** TURN *** [7c 6h 2s] [3d]
*** RIVER *** [7c 6h 2s 3d] [9d]
*** SHOWDOWN ***
5008d0e9 collected 12,158 from pot
*** SUMMARY ***
Total pot 12,158 | Rake 0 | Jackpot 0 | Bingo 0 | Fortune 0 | Tax 0
Board [7c 6h 2s 3d 9d]
Seat 1: 8aaa6493 folded before Flop
Seat 2: 5008d0e9 showed [5h 8d] and won (12,158) with Nines-High Straight
Seat 3: 6a66b6c4 folded before Flop
Seat 4: 8fb10c2b folded before Flop
Seat 5: Hero folded before Flop
Seat 6: d2342b (button) folded before Flop
Seat 7: 714f3fa4 (small blind) showed [Qs Ah] and lost with Ace-High
Seat 8: 7611269c (big blind) folded before Flop


Poker Hand #TM3597706484: Tournament #158965871, Bounty Hunters Special $1.08 Hold'em No Limit - Level4(100/200) - 2024/08/19 21:17:00
Table '107' 8-max Seat #5 is the button
Seat 1: 8aaa6493 (17,907 in chips)
Seat 2: 5008d0e9 (10,000 in chips)
Seat 3: 6a66b6c4 (19,501 in chips)
Seat 4: 8fb10c2b (13,741 in chips)
Seat 5: Hero (14,794 in chips)
Seat 6: d2342b (21,895 in chips)
Seat 7: 714f3fa4 (16,769 in chips)
Seat 8: 7611269c (9,276 in chips)
6a66b6c4: posts the ante 30
8fb10c2b: posts the ante 30
5008d0e9: posts the ante 30
8aaa6493: posts the ante 30
d2342b: posts the ante 30
714f3fa4: posts the ante 30
Hero: posts the ante 30
7611269c: posts the ante 30
d2342b: posts small blind 100
714f3fa4: posts big blind 200
*** HOLE CARDS ***
Dealt to 8aaa6493 
Dealt to 5008d0e9 
Dealt to 6a66b6c4 
Dealt to 8fb10c2b 
Dealt to Hero [Js Kd]
Dealt to d2342b 
Dealt to 714f3fa4 
Dealt to 7611269c 
7611269c: raises 200 to 400
8aaa6493: folds
5008d0e9: calls 400
6a66b6c4: folds
8fb10c2b: calls 400
Hero: calls 400
d2342b: folds
714f3fa4: folds
*** FLOP *** [2d As 6h]
7611269c: bets 713
5008d0e9: calls 713
8fb10c2b: calls 713
Hero: folds
*** TURN *** [2d As 6h] [5c]
7611269c: checks
5008d0e9: bets 1,413
8fb10c2b: calls 1,413
7611269c: folds
*** RIVER *** [2d As 6h 5c] [5s]
5008d0e9: bets 2,345
8fb10c2b: calls 2,345
5008d0e9: shows [2h 4c] (Pair of Fives and Pair of Twos)
8fb10c2b: shows [Ah 7c] (Pair of Aces and Pair of Fives)
*** SHOWDOWN ***
8fb10c2b collected 11,795 from pot
*** SUMMARY ***
Total pot 11,795 | Rake 0 | Jackpot 0 | Bingo 0 | Fortune 0 | Tax 0
Board [2d As 6h 5c 5s]
Seat 1: 8aaa6493 folded before Flop
Seat 2: 5008d0e9 showed [2h 4c] and lost with Pair of Fives and Pair of Twos
Seat 3: 6a66b6c4 folded before Flop
Seat 4: 8fb10c2b showed [Ah 7c] and won (11,795) with Pair of Aces and Pair of Fives
Seat 5: Hero (button) folded on the Flop
Seat 6: d2342b (small blind) folded before Flop
Seat 7: 714f3fa4 (big blind) folded before Flop
Seat 8: 7611269c folded on the Turn


Poker Hand #TM3597706422: Tournament #158965871, Bounty Hunters Special $1.08 Hold'em No Limit - Level4(100/200) - 2024/08/19 21:15:40
Table '107' 8-max Seat #4 is the button
Seat 1: 8aaa6493 (17,937 in chips)
Seat 3: 6a66b6c4 (19,531 in chips)
Seat 4: 8fb10c2b (13,771 in chips)
Seat 5: Hero (10,314 in chips)
Seat 6: d2342b (22,125 in chips)
Seat 7: 714f3fa4 (16,799 in chips)
Seat 8: 7611269c (13,406 in chips)
6a66b6c4: posts the ante 30
8fb10c2b: posts the ante 30
8aaa6493: posts the ante 30
d2342b: posts the ante 30
714f3fa4: posts the ante 30
7611269c: posts the ante 30
Hero: posts the ante 30
Hero: posts small blind 100
d2342b: posts big blind 200
*** HOLE CARDS ***
Dealt to 8aaa6493 
Dealt to 6a66b6c4 
Dealt to 8fb10c2b 
Dealt to Hero [Ac 9c]
Dealt to d2342b 
Dealt to 714f3fa4 
Dealt to 7611269c 
714f3fa4: folds
7611269c: raises 200 to 400
8aaa6493: folds
6a66b6c4: folds
8fb10c2b: folds
Hero: calls 300
d2342b: folds
*** FLOP *** [2h 3d 5c]
Hero: bets 400
7611269c: calls 400
*** TURN *** [2h 3d 5c] [8d]
Hero: bets 664
7611269c: calls 664
*** RIVER *** [2h 3d 5c 8d] [9s]
Hero: checks
7611269c: bets 2,636
Hero: calls 2,636
7611269c: shows [As 6s] (Ace-High)
Hero: shows [Ac 9c] (Pair of Nines)
*** SHOWDOWN ***
Hero collected 8,610 from pot
*** SUMMARY ***
Total pot 8,610 | Rake 0 | Jackpot 0 | Bingo 0 | Fortune 0 | Tax 0
Board [2h 3d 5c 8d 9s]
Seat 1: 8aaa6493 folded before Flop
Seat 3: 6a66b6c4 folded before Flop
Seat 4: 8fb10c2b (button) folded before Flop
Seat 5: Hero (small blind) showed [Ac 9c] and won (8,610) with Pair of Nines
Seat 6: d2342b (big blind) folded before Flop
Seat 7: 714f3fa4 folded before Flop
Seat 8: 7611269c showed [As 6s] and lost with Ace-High


Poker Hand #TM3597706330: Tournament #158965871, Bounty Hunters Special $1.08 Hold'em No Limit - Level4(100/200) - 2024/08/19 21:13:52
Table '107' 8-max Seat #3 is the button
Seat 1: 8aaa6493 (9,168 in chips)
Seat 2: 3e8b359d (7,789 in chips)
Seat 3: 6a66b6c4 (19,561 in chips)
Seat 4: 8fb10c2b (14,201 in chips)
Seat 5: Hero (10,744 in chips)
Seat 6: d2342b (22,155 in chips)
Seat 7: 714f3fa4 (16,829 in chips)
Seat 8: 7611269c (13,436 in chips)
6a66b6c4: posts the ante 30
8fb10c2b: posts the ante 30
8aaa6493: posts the ante 30
3e8b359d: posts the ante 30
d2342b: posts the ante 30
714f3fa4: posts the ante 30
7611269c: posts the ante 30
Hero: posts the ante 30
8fb10c2b: posts small blind 100
Hero: posts big blind 200
*** HOLE CARDS ***
Dealt to 8aaa6493 
Dealt to 3e8b359d 
Dealt to 6a66b6c4 
Dealt to 8fb10c2b 
Dealt to Hero [6d 6h]
Dealt to d2342b 
Dealt to 714f3fa4 
Dealt to 7611269c 
d2342b: folds
714f3fa4: folds
7611269c: folds
8aaa6493: raises 200 to 400
3e8b359d: calls 400
6a66b6c4: folds
8fb10c2b: calls 300
Hero: calls 200
*** FLOP *** [As Tc 8c]
8fb10c2b: checks
Hero: checks
8aaa6493: bets 920
3e8b359d: raises 1,780 to 2,700
8fb10c2b: folds
Hero: folds
8aaa6493: raises 6,038 to 8,738 and is all-in
3e8b359d: calls 4,659 and is all-in
Uncalled bet (1,379) returned to 8aaa6493
8aaa6493: shows [Qc Jc] (Ace-High)
3e8b359d: shows [8h 8s] (Three Eights)
*** TURN *** [As Tc 8c] [Ks]
*** RIVER *** [As Tc 8c Ks] [Jh]
*** SHOWDOWN ***
8aaa6493 collected 16,558 from pot
*** SUMMARY ***
Total pot 16,558 | Rake 0 | Jackpot 0 | Bingo 0 | Fortune 0 | Tax 0
Board [As Tc 8c Ks Jh]
Seat 1: 8aaa6493 showed [Qc Jc] and won (16,558) with Aces-High Straight
Seat 2: 3e8b359d showed [8h 8s] and lost with Three Eights
Seat 3: 6a66b6c4 (button) folded before Flop
Seat 4: 8fb10c2b (small blind) folded on the Flop
Seat 5: Hero (big blind) folded on the Flop
Seat 6: d2342b folded before Flop
Seat 7: 714f3fa4 folded before Flop
Seat 8: 7611269c folded before Flop


Poker Hand #TM3597706255: Tournament #158965871, Bounty Hunters Special $1.08 Hold'em No Limit - Level4(100/200) - 2024/08/19 21:12:23
Table '107' 8-max Seat #2 is the button
Seat 1: 8aaa6493 (9,198 in chips)
Seat 2: 3e8b359d (9,119 in chips)
Seat 3: 6a66b6c4 (19,691 in chips)
Seat 4: 8fb10c2b (11,291 in chips)
Seat 5: Hero (12,074 in chips)
Seat 6: d2342b (22,185 in chips)
Seat 7: 714f3fa4 (16,859 in chips)
Seat 8: 7611269c (13,466 in chips)
6a66b6c4: posts the ante 30
8fb10c2b: posts the ante 30
8aaa6493: posts the ante 30
3e8b359d: posts the ante 30
d2342b: posts the ante 30
714f3fa4: posts the ante 30
7611269c: posts the ante 30
Hero: posts the ante 30
6a66b6c4: posts small blind 100
8fb10c2b: posts big blind 200
*** HOLE CARDS ***
Dealt to 8aaa6493 
Dealt to 3e8b359d 
Dealt to 6a66b6c4 
Dealt to 8fb10c2b 
Dealt to Hero [7s Js]
Dealt to d2342b 
Dealt to 714f3fa4 
Dealt to 7611269c 
Hero: calls 200
d2342b: folds
714f3fa4: folds
7611269c: folds
8aaa6493: folds
3e8b359d: raises 400 to 600
6a66b6c4: folds
8fb10c2b: calls 400
Hero: calls 400
*** FLOP *** [4s 5d 8s]
8fb10c2b: checks
Hero: checks
3e8b359d: bets 700
8fb10c2b: calls 700
Hero: calls 700
*** TURN *** [4s 5d 8s] [Qh]
8fb10c2b: checks
Hero: checks
3e8b359d: checks
*** RIVER *** [4s 5d 8s Qh] [Ac]
8fb10c2b: bets 2,120
Hero: folds
3e8b359d: folds
Uncalled bet (2,120) returned to 8fb10c2b
*** SHOWDOWN ***
8fb10c2b collected 4,240 from pot
*** SUMMARY ***
Total pot 4,240 | Rake 0 | Jackpot 0 | Bingo 0 | Fortune 0 | Tax 0
Board [4s 5d 8s Qh Ac]
Seat 1: 8aaa6493 folded before Flop
Seat 2: 3e8b359d (button) folded on the River
Seat 3: 6a66b6c4 (small blind) folded before Flop
Seat 4: 8fb10c2b (big blind) won (4,240)
Seat 5: Hero folded on the River
Seat 6: d2342b folded before Flop
Seat 7: 714f3fa4 folded before Flop
Seat 8: 7611269c folded before Flop


Poker Hand #TM3597706206: Tournament #158965871, Bounty Hunters Special $1.08 Hold'em No Limit - Level4(100/200) - 2024/08/19 21:11:24
Table '107' 8-max Seat #1 is the button
Seat 1: 8aaa6493 (7,988 in chips)
Seat 2: 3e8b359d (9,249 in chips)
Seat 3: 6a66b6c4 (19,921 in chips)
Seat 4: 8fb10c2b (11,321 in chips)
Seat 5: Hero (12,104 in chips)
Seat 6: d2342b (22,215 in chips)
Seat 7: 714f3fa4 (17,589 in chips)
Seat 8: 7611269c (13,496 in chips)
6a66b6c4: posts the ante 30
8fb10c2b: posts the ante 30
8aaa6493: posts the ante 30
3e8b359d: posts the ante 30
d2342b: posts the ante 30
714f3fa4: posts the ante 30
7611269c: posts the ante 30
Hero: posts the ante 30
3e8b359d: posts small blind 100
6a66b6c4: posts big blind 200
*** HOLE CARDS ***
Dealt to 8aaa6493 
Dealt to 3e8b359d 
Dealt to 6a66b6c4 
Dealt to 8fb10c2b 
Dealt to Hero [Ah 6c]
Dealt to d2342b 
Dealt to 714f3fa4 
Dealt to 7611269c 
8fb10c2b: folds
Hero: folds
d2342b: folds
714f3fa4: calls 200
7611269c: folds
8aaa6493: raises 500 to 700
3e8b359d: folds
6a66b6c4: folds
714f3fa4: calls 500
*** FLOP *** [Js 4c 2d]
714f3fa4: checks
8aaa6493: bets 970
714f3fa4: folds
Uncalled bet (970) returned to 8aaa6493
*** SHOWDOWN ***
8aaa6493 collected 1,940 from pot
*** SUMMARY ***
Total pot 1,940 | Rake 0 | Jackpot 0 | Bingo 0 | Fortune 0 | Tax 0
Board [Js 4c 2d]
Seat 1: 8aaa6493 (button) won (1,940)
Seat 2: 3e8b359d (small blind) folded before Flop
Seat 3: 6a66b6c4 (big blind) folded before Flop
Seat 4: 8fb10c2b folded before Flop
Seat 5: Hero folded before Flop
Seat 6: d2342b folded before Flop
Seat 7: 714f3fa4 folded on the Flop
Seat 8: 7611269c folded before Flop


Poker Hand #TM3597706111: Tournament #158965871, Bounty Hunters Special $1.08 Hold'em No Limit - Level4(100/200) - 2024/08/19 21:09:31
Table '107' 8-max Seat #8 is the button
Seat 1: 8aaa6493 (9,026 in chips)
Seat 2: 3e8b359d (9,679 in chips)
Seat 3: 6a66b6c4 (19,951 in chips)
Seat 4: 8fb10c2b (9,303 in chips)
Seat 5: Hero (12,134 in chips)
Seat 6: d2342b (22,645 in chips)
Seat 7: 714f3fa4 (17,619 in chips)
Seat 8: 7611269c (13,526 in chips)
6a66b6c4: posts the ante 30
8fb10c2b: posts the ante 30
8aaa6493: posts the ante 30
3e8b359d: posts the ante 30
d2342b: posts the ante 30
714f3fa4: posts the ante 30
7611269c: posts the ante 30
Hero: posts the ante 30
8aaa6493: posts small blind 100
3e8b359d: posts big blind 200
*** HOLE CARDS ***
Dealt to 8aaa6493 
Dealt to 3e8b359d 
Dealt to 6a66b6c4 
Dealt to 8fb10c2b 
Dealt to Hero [Tc 2d]
Dealt to d2342b 
Dealt to 714f3fa4 
Dealt to 7611269c 
6a66b6c4: folds
8fb10c2b: raises 200 to 400
Hero: folds
d2342b: calls 400
714f3fa4: folds
7611269c: folds
8aaa6493: calls 300
3e8b359d: calls 200
*** FLOP *** [Js 5s Ad]
8aaa6493: checks
3e8b359d: checks
8fb10c2b: bets 608
d2342b: folds
8aaa6493: calls 608
3e8b359d: folds
*** TURN *** [Js 5s Ad] [7s]
8aaa6493: checks
8fb10c2b: checks
*** RIVER *** [Js 5s Ad 7s] [Ah]
8aaa6493: checks
8fb10c2b: bets 2,292
8aaa6493: folds
Uncalled bet (2,292) returned to 8fb10c2b
*** SHOWDOWN ***
8fb10c2b collected 3,056 from pot
*** SUMMARY ***
Total pot 3,056 | Rake 0 | Jackpot 0 | Bingo 0 | Fortune 0 | Tax 0
Board [Js 5s Ad 7s Ah]
Seat 1: 8aaa6493 (small blind) folded on the River
Seat 2: 3e8b359d (big blind) folded on the Flop
Seat 3: 6a66b6c4 folded before Flop
Seat 4: 8fb10c2b won (3,056)
Seat 5: Hero folded before Flop
Seat 6: d2342b folded on the Flop
Seat 7: 714f3fa4 folded before Flop
Seat 8: 7611269c (button) folded before Flop


Poker Hand #TM3597706040: Tournament #158965871, Bounty Hunters Special $1.08 Hold'em No Limit - Level4(100/200) - 2024/08/19 21:08:22
Table '107' 8-max Seat #7 is the button
Seat 1: 8aaa6493 (9,256 in chips)
Seat 2: 3e8b359d (9,709 in chips)
Seat 3: 6a66b6c4 (19,981 in chips)
Seat 4: 8fb10c2b (9,333 in chips)
Seat 5: Hero (12,164 in chips)
Seat 6: d2342b (22,675 in chips)
Seat 7: 714f3fa4 (17,649 in chips)
Seat 8: 7611269c (13,116 in chips)
6a66b6c4: posts the ante 30
8fb10c2b: posts the ante 30
8aaa6493: posts the ante 30
3e8b359d: posts the ante 30
d2342b: posts the ante 30
714f3fa4: posts the ante 30
Hero: posts the ante 30
7611269c: posts the ante 30
7611269c: posts small blind 100
8aaa6493: posts big blind 200
*** HOLE CARDS ***
Dealt to 8aaa6493 
Dealt to 3e8b359d 
Dealt to 6a66b6c4 
Dealt to 8fb10c2b 
Dealt to Hero [2h Ac]
Dealt to d2342b 
Dealt to 714f3fa4 
Dealt to 7611269c 
3e8b359d: folds
6a66b6c4: folds
8fb10c2b: folds
Hero: folds
d2342b: folds
714f3fa4: folds
7611269c: calls 100
8aaa6493: checks
*** FLOP *** [Kh 7s 3c]
7611269c: checks
8aaa6493: checks
*** TURN *** [Kh 7s 3c] [6s]
7611269c: checks
8aaa6493: checks
*** RIVER *** [Kh 7s 3c 6s] [5h]
7611269c: bets 500
8aaa6493: folds
Uncalled bet (500) returned to 7611269c
*** SHOWDOWN ***
7611269c collected 640 from pot
*** SUMMARY ***
Total pot 640 | Rake 0 | Jackpot 0 | Bingo 0 | Fortune 0 | Tax 0
Board [Kh 7s 3c 6s 5h]
Seat 1: 8aaa6493 (big blind) folded on the River
Seat 2: 3e8b359d folded before Flop
Seat 3: 6a66b6c4 folded before Flop
Seat 4: 8fb10c2b folded before Flop
Seat 5: Hero folded before Flop
Seat 6: d2342b folded before Flop
Seat 7: 714f3fa4 (button) folded before Flop
Seat 8: 7611269c (small blind) won (640)


Poker Hand #TM3597667716: Tournament #158965871, Bounty Hunters Special $1.08 Hold'em No Limit - Level3(80/160) - 2024/08/19 21:06:38
Table '65' 8-max Seat #8 is the button
Seat 1: 678a2c88 (6,616 in chips)
Seat 2: b2ecc2c2 (18,758 in chips)
Seat 3: d1e2da3d (4,381 in chips)
Seat 4: d678ccb4 (39,102 in chips)
Seat 5: 3e639452 (9,122 in chips)
Seat 6: c510f6ff (18,896 in chips)
Seat 7: Hero (12,188 in chips)
Seat 8: e02d3b5d (12,166 in chips)
3e639452: posts the ante 24
b2ecc2c2: posts the ante 24
e02d3b5d: posts the ante 24
c510f6ff: posts the ante 24
678a2c88: posts the ante 24
Hero: posts the ante 24
d678ccb4: posts the ante 24
d1e2da3d: posts the ante 24
678a2c88: posts small blind 80
b2ecc2c2: posts big blind 160
*** HOLE CARDS ***
Dealt to 678a2c88 
Dealt to b2ecc2c2 
Dealt to d1e2da3d 
Dealt to d678ccb4 
Dealt to 3e639452 
Dealt to c510f6ff 
Dealt to Hero [7s 4s]
Dealt to e02d3b5d 
d1e2da3d: raises 4,197 to 4,357 and is all-in
d678ccb4: folds
3e639452: raises 4,741 to 9,098 and is all-in
c510f6ff: folds
Hero: folds
e02d3b5d: folds
678a2c88: calls 6,512 and is all-in
b2ecc2c2: folds
Uncalled bet (2,506) returned to 3e639452
3e639452: shows [Th Ah]
678a2c88: shows [2h As]
d1e2da3d: shows [Qh Ks]
*** FLOP *** [Jd 7c 8d]
*** TURN *** [Jd 7c 8d] [8s]
*** RIVER *** [Jd 7c 8d 8s] [9h]
d678ccb4: shows [6c 9c] (Pair of Nines and Pair of Eights)
*** SHOWDOWN ***
3e639452 collected 13,423 from pot
3e639452 collected 4,470 from pot
*** SUMMARY ***
Total pot 17,893 | Rake 0 | Jackpot 0 | Bingo 0 | Fortune 0 | Tax 0
Board [Jd 7c 8d 8s 9h]
Seat 1: 678a2c88 (small blind) showed [2h As] and lost with Pair of Eights
Seat 2: b2ecc2c2 (big blind) folded before Flop
Seat 3: d1e2da3d showed [Qh Ks] and lost with Pair of Eights
Seat 4: d678ccb4 folded before Flop
Seat 5: 3e639452 showed [Th Ah] and won (17,893) with Jacks-High Straight
Seat 6: c510f6ff folded before Flop
Seat 7: Hero folded before Flop
Seat 8: e02d3b5d (button) folded before Flop


Poker Hand #TM3597667657: Tournament #158965871, Bounty Hunters Special $1.08 Hold'em No Limit - Level3(80/160) - 2024/08/19 21:05:23
Table '65' 8-max Seat #7 is the button
Seat 1: 678a2c88 (8,056 in chips)
Seat 2: b2ecc2c2 (7,851 in chips)
Seat 3: d1e2da3d (12,232 in chips)
Seat 4: d678ccb4 (39,126 in chips)
Seat 5: 3e639452 (10,562 in chips)
Seat 6: c510f6ff (18,920 in chips)
Seat 7: Hero (12,212 in chips)
Seat 8: e02d3b5d (12,270 in chips)
3e639452: posts the ante 24
b2ecc2c2: posts the ante 24
e02d3b5d: posts the ante 24
c510f6ff: posts the ante 24
678a2c88: posts the ante 24
Hero: posts the ante 24
d678ccb4: posts the ante 24
d1e2da3d: posts the ante 24
e02d3b5d: posts small blind 80
678a2c88: posts big blind 160
*** HOLE CARDS ***
Dealt to 678a2c88 
Dealt to b2ecc2c2 
Dealt to d1e2da3d 
Dealt to d678ccb4 
Dealt to 3e639452 
Dealt to c510f6ff 
Dealt to Hero [2c 4d]
Dealt to e02d3b5d 
b2ecc2c2: raises 320 to 480
d1e2da3d: calls 480
d678ccb4: folds
3e639452: raises 936 to 1,416
c510f6ff: folds
Hero: folds
e02d3b5d: folds
678a2c88: calls 1,256
b2ecc2c2: raises 6,411 to 7,827 and is all-in
d1e2da3d: raises 4,381 to 12,208 and is all-in
3e639452: folds
678a2c88: folds
Uncalled bet (4,381) returned to d1e2da3d
d1e2da3d: shows [8d 8h]
b2ecc2c2: shows [Ac As]
*** FLOP *** [Ah Kh 3c]
*** TURN *** [Ah Kh 3c] [9d]
*** RIVER *** [Ah Kh 3c 9d] [8s]
*** SHOWDOWN ***
b2ecc2c2 collected 18,758 from pot
*** SUMMARY ***
Total pot 18,758 | Rake 0 | Jackpot 0 | Bingo 0 | Fortune 0 | Tax 0
Board [Ah Kh 3c 9d 8s]
Seat 1: 678a2c88 (big blind) folded before Flop
Seat 2: b2ecc2c2 showed [Ac As] and won (18,758) with Three Aces
Seat 3: d1e2da3d showed [8d 8h] and lost with Three Eights
Seat 4: d678ccb4 folded before Flop
Seat 5: 3e639452 folded before Flop
Seat 6: c510f6ff folded before Flop
Seat 7: Hero (button) folded before Flop
Seat 8: e02d3b5d (small blind) folded before Flop


Poker Hand #TM3597667588: Tournament #158965871, Bounty Hunters Special $1.08 Hold'em No Limit - Level3(80/160) - 2024/08/19 21:04:05
Table '65' 8-max Seat #6 is the button
Seat 1: 678a2c88 (8,080 in chips)
Seat 2: b2ecc2c2 (7,875 in chips)
Seat 3: d1e2da3d (12,256 in chips)
Seat 4: d678ccb4 (39,150 in chips)
Seat 5: 3e639452 (10,586 in chips)
Seat 6: c510f6ff (17,015 in chips)
Seat 7: Hero (13,813 in chips)
Seat 8: e02d3b5d (12,454 in chips)
3e639452: posts the ante 24
b2ecc2c2: posts the ante 24
e02d3b5d: posts the ante 24
c510f6ff: posts the ante 24
678a2c88: posts the ante 24
Hero: posts the ante 24
d678ccb4: posts the ante 24
d1e2da3d: posts the ante 24
Hero: posts small blind 80
e02d3b5d: posts big blind 160
*** HOLE CARDS ***
Dealt to 678a2c88 
Dealt to b2ecc2c2 
Dealt to d1e2da3d 
Dealt to d678ccb4 
Dealt to 3e639452 
Dealt to c510f6ff 
Dealt to Hero [Qs Qd]
Dealt to e02d3b5d 
678a2c88: folds
b2ecc2c2: folds
d1e2da3d: folds
d678ccb4: folds
3e639452: folds
c510f6ff: raises 192 to 352
Hero: raises 528 to 880
e02d3b5d: folds
c510f6ff: calls 528
*** FLOP *** [6c Ah Ks]
Hero: checks
c510f6ff: checks
*** TURN *** [6c Ah Ks] [8h]
Hero: bets 697
c510f6ff: calls 697
*** RIVER *** [6c Ah Ks 8h] [Jd]
Hero: checks
c510f6ff: bets 2,915
Hero: folds
Uncalled bet (2,915) returned to c510f6ff
*** SHOWDOWN ***
c510f6ff collected 3,506 from pot
*** SUMMARY ***
Total pot 3,506 | Rake 0 | Jackpot 0 | Bingo 0 | Fortune 0 | Tax 0
Board [6c Ah Ks 8h Jd]
Seat 1: 678a2c88 folded before Flop
Seat 2: b2ecc2c2 folded before Flop
Seat 3: d1e2da3d folded before Flop
Seat 4: d678ccb4 folded before Flop
Seat 5: 3e639452 folded before Flop
Seat 6: c510f6ff (button) won (3,506)
Seat 7: Hero (small blind) folded on the River
Seat 8: e02d3b5d (big blind) folded before Flop


Poker Hand #TM3597667549: Tournament #158965871, Bounty Hunters Special $1.08 Hold'em No Limit - Level3(80/160) - 2024/08/19 21:03:20
Table '65' 8-max Seat #5 is the button
Seat 1: 678a2c88 (8,104 in chips)
Seat 2: b2ecc2c2 (7,899 in chips)
Seat 3: d1e2da3d (12,280 in chips)
Seat 4: d678ccb4 (40,298 in chips)
Seat 5: 3e639452 (9,054 in chips)
Seat 6: c510f6ff (17,119 in chips)
Seat 7: Hero (13,997 in chips)
Seat 8: e02d3b5d (12,478 in chips)
3e639452: posts the ante 24
b2ecc2c2: posts the ante 24
e02d3b5d: posts the ante 24
c510f6ff: posts the ante 24
678a2c88: posts the ante 24
Hero: posts the ante 24
d678ccb4: posts the ante 24
d1e2da3d: posts the ante 24
c510f6ff: posts small blind 80
Hero: posts big blind 160
*** HOLE CARDS ***
Dealt to 678a2c88 
Dealt to b2ecc2c2 
Dealt to d1e2da3d 
Dealt to d678ccb4 
Dealt to 3e639452 
Dealt to c510f6ff 
Dealt to Hero [7c Qh]
Dealt to e02d3b5d 
e02d3b5d: folds
678a2c88: folds
b2ecc2c2: folds
d1e2da3d: folds
d678ccb4: raises 160 to 320
3e639452: raises 804 to 1,124
c510f6ff: folds
Hero: folds
d678ccb4: calls 804
*** FLOP *** [7d Jh 2s]
d678ccb4: checks
3e639452: bets 885
d678ccb4: folds
Uncalled bet (885) returned to 3e639452
d678ccb4: shows [Kh]
*** SHOWDOWN ***
3e639452 collected 2,680 from pot
*** SUMMARY ***
Total pot 2,680 | Rake 0 | Jackpot 0 | Bingo 0 | Fortune 0 | Tax 0
Board [7d Jh 2s]
Seat 1: 678a2c88 folded before Flop
Seat 2: b2ecc2c2 folded before Flop
Seat 3: d1e2da3d folded before Flop
Seat 4: d678ccb4 folded on the Flop
Seat 5: 3e639452 (button) won (2,680)
Seat 6: c510f6ff (small blind) folded before Flop
Seat 7: Hero (big blind) folded before Flop
Seat 8: e02d3b5d folded before Flop


Poker Hand #TM3597667501: Tournament #158965871, Bounty Hunters Special $1.08 Hold'em No Limit - Level3(80/160) - 2024/08/19 21:02:19
Table '65' 8-max Seat #4 is the button
Seat 1: 678a2c88 (10,000 in chips)
Seat 2: b2ecc2c2 (7,923 in chips)
Seat 3: d1e2da3d (10,000 in chips)
Seat 4: d678ccb4 (40,322 in chips)
Seat 5: 3e639452 (9,158 in chips)
Seat 6: c510f6ff (17,303 in chips)
Seat 7: Hero (14,021 in chips)
Seat 8: e02d3b5d (12,502 in chips)
b2ecc2c2: posts the ante 24
3e639452: posts the ante 24
e02d3b5d: posts the ante 24
c510f6ff: posts the ante 24
678a2c88: posts the ante 24
Hero: posts the ante 24
d678ccb4: posts the ante 24
d1e2da3d: posts the ante 24
3e639452: posts small blind 80
c510f6ff: posts big blind 160
*** HOLE CARDS ***
Dealt to 678a2c88 
Dealt to b2ecc2c2 
Dealt to d1e2da3d 
Dealt to d678ccb4 
Dealt to 3e639452 
Dealt to c510f6ff 
Dealt to Hero [9s 5d]
Dealt to e02d3b5d 
Hero: folds
e02d3b5d: folds
678a2c88: calls 160
b2ecc2c2: folds
d1e2da3d: raises 320 to 480
d678ccb4: folds
3e639452: folds
c510f6ff: folds
678a2c88: calls 320
*** FLOP *** [Td Ts Ad]
678a2c88: checks
d1e2da3d: checks
*** TURN *** [Td Ts Ad] [2s]
678a2c88: checks
d1e2da3d: checks
*** RIVER *** [Td Ts Ad 2s] [3s]
678a2c88: checks
d1e2da3d: bets 1,392
678a2c88: calls 1,392
d1e2da3d: shows [As Ac] (Aces Full over Tens)
678a2c88: shows [4c Qc] (Pair of Tens)
*** SHOWDOWN ***
d1e2da3d collected 4,176 from pot
*** SUMMARY ***
Total pot 4,176 | Rake 0 | Jackpot 0 | Bingo 0 | Fortune 0 | Tax 0
Board [Td Ts Ad 2s 3s]
Seat 1: 678a2c88 showed [4c Qc] and lost with Pair of Tens
Seat 2: b2ecc2c2 folded before Flop
Seat 3: d1e2da3d showed [As Ac] and won (4,176) with Aces Full over Tens
Seat 4: d678ccb4 (button) folded before Flop
Seat 5: 3e639452 (small blind) folded before Flop
Seat 6: c510f6ff (big blind) folded before Flop
Seat 7: Hero folded before Flop
Seat 8: e02d3b5d folded before Flop


Poker Hand #TM3597667413: Tournament #158965871, Bounty Hunters Special $1.08 Hold'em No Limit - Level3(80/160) - 2024/08/19 20:54:01
Table '65' 8-max Seat #2 is the button
Seat 2: b2ecc2c2 (2,449 in chips)
Seat 3: b2caf291 (5,831 in chips)
Seat 4: d678ccb4 (40,506 in chips)
Seat 5: 3e639452 (9,502 in chips)
Seat 6: c510f6ff (16,370 in chips)
Seat 7: Hero (14,045 in chips)
Seat 8: e02d3b5d (12,526 in chips)
b2ecc2c2: posts the ante 24
3e639452: posts the ante 24
e02d3b5d: posts the ante 24
b2caf291: posts the ante 24
c510f6ff: posts the ante 24
Hero: posts the ante 24
d678ccb4: posts the ante 24
b2caf291: posts small blind 80
d678ccb4: posts big blind 160
*** HOLE CARDS ***
Dealt to b2ecc2c2 
Dealt to b2caf291 
Dealt to d678ccb4 
Dealt to 3e639452 
Dealt to c510f6ff 
Dealt to Hero [Ah 2h]
Dealt to e02d3b5d 
3e639452: raises 160 to 320
c510f6ff: raises 1,256 to 1,576
Hero: folds
e02d3b5d: folds
b2ecc2c2: raises 849 to 2,425 and is all-in
b2caf291: raises 3,382 to 5,807 and is all-in
d678ccb4: folds
3e639452: folds
c510f6ff: calls 4,231
b2caf291: shows [Jd As]
c510f6ff: shows [Kh Kd]
b2ecc2c2: shows [Qc Qs]
*** FLOP *** [Qd Jh 4c]
*** TURN *** [Qd Jh 4c] [5c]
*** RIVER *** [Qd Jh 4c 5c] [3c]
Hero: shows [Ah 2h] (Fives-High Straight)
d678ccb4: shows [7s 6d] (Sevens-High Straight)
3e639452: shows [Ad] (Ace-High)
*** SHOWDOWN ***
b2ecc2c2 collected 7,923 from pot
c510f6ff collected 6,764 from pot
*** SUMMARY ***
Total pot 14,687 | Rake 0 | Jackpot 0 | Bingo 0 | Fortune 0 | Tax 0
Board [Qd Jh 4c 5c 3c]
Seat 2: b2ecc2c2 (button) showed [Qc Qs] and won (7,923) with Three Queens
Seat 3: b2caf291 (small blind) showed [Jd As] and lost with Pair of Jacks
Seat 4: d678ccb4 (big blind) folded before Flop
Seat 5: 3e639452 folded before Flop
Seat 6: c510f6ff showed [Kh Kd] and won (6,764) with Pair of Kings
Seat 7: Hero folded before Flop
Seat 8: e02d3b5d folded before Flop


Poker Hand #TM3597667364: Tournament #158965871, Bounty Hunters Special $1.08 Hold'em No Limit - Level3(80/160) - 2024/08/19 20:53:13
Table '65' 8-max Seat #1 is the button
Seat 1: 67f47e61 (2,202 in chips)
Seat 2: b2ecc2c2 (20,452 in chips)
Seat 3: b2caf291 (8,033 in chips)
Seat 4: d678ccb4 (18,003 in chips)
Seat 5: 3e639452 (9,526 in chips)
Seat 6: c510f6ff (16,394 in chips)
Seat 7: Hero (14,069 in chips)
Seat 8: e02d3b5d (12,550 in chips)
67f47e61: posts the ante 24
3e639452: posts the ante 24
b2ecc2c2: posts the ante 24
e02d3b5d: posts the ante 24
b2caf291: posts the ante 24
c510f6ff: posts the ante 24
Hero: posts the ante 24
d678ccb4: posts the ante 24
b2ecc2c2: posts small blind 80
b2caf291: posts big blind 160
*** HOLE CARDS ***
Dealt to 67f47e61 
Dealt to b2ecc2c2 
Dealt to b2caf291 
Dealt to d678ccb4 
Dealt to 3e639452 
Dealt to c510f6ff 
Dealt to Hero [2s Kd]
Dealt to e02d3b5d 
d678ccb4: raises 160 to 320
3e639452: folds
c510f6ff: folds
Hero: folds
e02d3b5d: folds
67f47e61: raises 1,858 to 2,178 and is all-in
b2ecc2c2: calls 2,098
b2caf291: calls 2,018
d678ccb4: calls 1,858
*** FLOP *** [9c Qd 5s]
b2ecc2c2: bets 6,678
b2caf291: folds
d678ccb4: calls 6,678
*** TURN *** [9c Qd 5s] [4d]
b2ecc2c2: bets 11,572 and is all-in
d678ccb4: calls 9,123 and is all-in
Uncalled bet (2,449) returned to b2ecc2c2
b2ecc2c2: shows [Th Qs] (Pair of Queens)
d678ccb4: shows [8h Tc] (Queen-High)
67f47e61: shows [Ad 9h] (Pair of Nines)
*** RIVER *** [9c Qd 5s 4d] [Jd]
*** SHOWDOWN ***
d678ccb4 collected 8,904 from pot
d678ccb4 collected 31,602 from pot
*** SUMMARY ***
Total pot 40,506 | Rake 0 | Jackpot 0 | Bingo 0 | Fortune 0 | Tax 0
Board [9c Qd 5s 4d Jd]
Seat 1: 67f47e61 (button) showed [Ad 9h] and lost with Pair of Nines
Seat 2: b2ecc2c2 (small blind) showed [Th Qs] and lost with Pair of Queens
Seat 3: b2caf291 (big blind) folded on the Flop
Seat 4: d678ccb4 showed [8h Tc] and won (40,506) with Queens-High Straight
Seat 5: 3e639452 folded before Flop
Seat 6: c510f6ff folded before Flop
Seat 7: Hero folded before Flop
Seat 8: e02d3b5d folded before Flop


Poker Hand #TM3597667321: Tournament #158965871, Bounty Hunters Special $1.08 Hold'em No Limit - Level3(80/160) - 2024/08/19 20:52:17
Table '65' 8-max Seat #8 is the button
Seat 1: 67f47e61 (2,306 in chips)
Seat 2: b2ecc2c2 (22,646 in chips)
Seat 3: b2caf291 (8,057 in chips)
Seat 4: d678ccb4 (19,072 in chips)
Seat 5: 3e639452 (9,550 in chips)
Seat 6: c510f6ff (16,418 in chips)
Seat 7: Hero (10,606 in chips)
Seat 8: e02d3b5d (12,574 in chips)
3e639452: posts the ante 24
b2ecc2c2: posts the ante 24
67f47e61: posts the ante 24
67f47e61: posts small blind 80
e02d3b5d: posts the ante 24
b2caf291: posts the ante 24
c510f6ff: posts the ante 24
Hero: posts the ante 24
d678ccb4: posts the ante 24
b2ecc2c2: posts big blind 160
*** HOLE CARDS ***
Dealt to 67f47e61 
Dealt to b2ecc2c2 
Dealt to b2caf291 
Dealt to d678ccb4 
Dealt to 3e639452 
Dealt to c510f6ff 
Dealt to Hero [Ad Kh]
Dealt to e02d3b5d 
b2caf291: folds
d678ccb4: raises 320 to 480
3e639452: folds
c510f6ff: folds
Hero: calls 480
e02d3b5d: folds
67f47e61: folds
b2ecc2c2: calls 320
*** FLOP *** [4d 9s 5s]
b2ecc2c2: checks
d678ccb4: bets 565
Hero: calls 565
b2ecc2c2: calls 565
*** TURN *** [4d 9s 5s] [7c]
b2ecc2c2: checks
d678ccb4: checks
Hero: bets 1,125
b2ecc2c2: calls 1,125
d678ccb4: folds
*** RIVER *** [4d 9s 5s 7c] [Qd]
b2ecc2c2: checks
Hero: checks
b2ecc2c2: shows [Td 8c] (Queen-High)
Hero: shows [Ad Kh] (Ace-High)
d678ccb4: shows [Kc Qs] (Pair of Queens)
*** SHOWDOWN ***
Hero collected 5,657 from pot
*** SUMMARY ***
Total pot 5,657 | Rake 0 | Jackpot 0 | Bingo 0 | Fortune 0 | Tax 0
Board [4d 9s 5s 7c Qd]
Seat 1: 67f47e61 (small blind) folded before Flop
Seat 2: b2ecc2c2 (big blind) showed [Td 8c] and lost with Queen-High
Seat 3: b2caf291 folded before Flop
Seat 4: d678ccb4 folded on the Turn
Seat 5: 3e639452 folded before Flop
Seat 6: c510f6ff folded before Flop
Seat 7: Hero showed [Ad Kh] and won (5,657) with Ace-High
Seat 8: e02d3b5d (button) folded before Flop


Poker Hand #TM3597667257: Tournament #158965871, Bounty Hunters Special $1.08 Hold'em No Limit - Level3(80/160) - 2024/08/19 20:51:07
Table '65' 8-max Seat #7 is the button
Seat 1: 67f47e61 (12,234 in chips)
Seat 2: b2ecc2c2 (9,928 in chips)
Seat 3: b2caf291 (8,081 in chips)
Seat 4: d678ccb4 (21,662 in chips)
Seat 5: 3e639452 (9,574 in chips)
Seat 6: c510f6ff (16,442 in chips)
Seat 7: Hero (10,630 in chips)
Seat 8: e02d3b5d (12,678 in chips)
3e639452: posts the ante 24
b2ecc2c2: posts the ante 24
67f47e61: posts the ante 24
e02d3b5d: posts the ante 24
b2caf291: posts the ante 24
c510f6ff: posts the ante 24
Hero: posts the ante 24
d678ccb4: posts the ante 24
e02d3b5d: posts small blind 80
67f47e61: posts big blind 160
*** HOLE CARDS ***
Dealt to 67f47e61 
Dealt to b2ecc2c2 
Dealt to b2caf291 
Dealt to d678ccb4 
Dealt to 3e639452 
Dealt to c510f6ff 
Dealt to Hero [8s 4s]
Dealt to e02d3b5d 
b2ecc2c2: raises 480 to 640
b2caf291: folds
d678ccb4: calls 640
3e639452: folds
c510f6ff: folds
Hero: folds
e02d3b5d: folds
67f47e61: calls 480
*** FLOP *** [Jc 5s Tc]
67f47e61: bets 724
b2ecc2c2: raises 1,202 to 1,926
d678ccb4: calls 1,926
67f47e61: calls 1,202
*** TURN *** [Jc 5s Tc] [9d]
67f47e61: checks
b2ecc2c2: bets 7,338 and is all-in
d678ccb4: folds
67f47e61: calls 7,338
b2ecc2c2: shows [Jh Qh] (Pair of Jacks)
67f47e61: shows [Kc 3c] (King-High)
*** RIVER *** [Jc 5s Tc 9d] [3h]
d678ccb4: shows [Ac Js] (Pair of Jacks)
*** SHOWDOWN ***
b2ecc2c2 collected 22,646 from pot
*** SUMMARY ***
Total pot 22,646 | Rake 0 | Jackpot 0 | Bingo 0 | Fortune 0 | Tax 0
Board [Jc 5s Tc 9d 3h]
Seat 1: 67f47e61 (big blind) showed [Kc 3c] and lost with Pair of Treys
Seat 2: b2ecc2c2 showed [Jh Qh] and won (22,646) with Pair of Jacks
Seat 3: b2caf291 folded before Flop
Seat 4: d678ccb4 folded on the Turn
Seat 5: 3e639452 folded before Flop
Seat 6: c510f6ff folded before Flop
Seat 7: Hero (button) folded before Flop
Seat 8: e02d3b5d (small blind) folded before Flop


Poker Hand #TM3597667188: Tournament #158965871, Bounty Hunters Special $1.08 Hold'em No Limit - Level2(60/120) - 2024/08/19 20:49:55
Table '65' 8-max Seat #6 is the button
Seat 1: 67f47e61 (12,252 in chips)
Seat 2: b2ecc2c2 (9,946 in chips)
Seat 3: b2caf291 (10,000 in chips)
Seat 4: d678ccb4 (21,920 in chips)
Seat 5: 3e639452 (9,592 in chips)
Seat 6: c510f6ff (16,700 in chips)
Seat 7: Hero (10,708 in chips)
Seat 8: e02d3b5d (10,111 in chips)
3e639452: posts the ante 18
b2ecc2c2: posts the ante 18
67f47e61: posts the ante 18
e02d3b5d: posts the ante 18
b2caf291: posts the ante 18
c510f6ff: posts the ante 18
Hero: posts the ante 18
d678ccb4: posts the ante 18
Hero: posts small blind 60
e02d3b5d: posts big blind 120
*** HOLE CARDS ***
Dealt to 67f47e61 
Dealt to b2ecc2c2 
Dealt to b2caf291 
Dealt to d678ccb4 
Dealt to 3e639452 
Dealt to c510f6ff 
Dealt to Hero [2d 7c]
Dealt to e02d3b5d 
67f47e61: folds
b2ecc2c2: folds
b2caf291: calls 120
d678ccb4: raises 120 to 240
3e639452: folds
c510f6ff: calls 240
Hero: folds
e02d3b5d: calls 120
b2caf291: calls 120
*** FLOP *** [7s Qs 6h]
e02d3b5d: checks
b2caf291: checks
d678ccb4: checks
c510f6ff: checks
*** TURN *** [7s Qs 6h] [8s]
e02d3b5d: bets 769
b2caf291: calls 769
d678ccb4: folds
c510f6ff: folds
*** RIVER *** [7s Qs 6h 8s] [Qh]
e02d3b5d: bets 892
b2caf291: calls 892
e02d3b5d: shows [Jd Qd] (Three Queens)
b2caf291: shows [8d 9h] (Pair of Queens and Pair of Eights)
d678ccb4: shows [4s 4d] (Pair of Queens and Pair of Fours)
*** SHOWDOWN ***
e02d3b5d collected 4,486 from pot
*** SUMMARY ***
Total pot 4,486 | Rake 0 | Jackpot 0 | Bingo 0 | Fortune 0 | Tax 0
Board [7s Qs 6h 8s Qh]
Seat 1: 67f47e61 folded before Flop
Seat 2: b2ecc2c2 folded before Flop
Seat 3: b2caf291 showed [8d 9h] and lost with Pair of Queens and Pair of Eights
Seat 4: d678ccb4 folded on the Turn
Seat 5: 3e639452 folded before Flop
Seat 6: c510f6ff (button) folded on the Turn
Seat 7: Hero (small blind) folded before Flop
Seat 8: e02d3b5d (big blind) showed [Jd Qd] and won (4,486) with Three Queens


Poker Hand #TM3597667137: Tournament #158965871, Bounty Hunters Special $1.08 Hold'em No Limit - Level2(60/120) - 2024/08/19 20:48:59
Table '65' 8-max Seat #5 is the button
Seat 1: 67f47e61 (12,270 in chips)
Seat 2: b2ecc2c2 (9,964 in chips)
Seat 3: ee2e8c95 (4,282 in chips)
Seat 4: d678ccb4 (21,938 in chips)
Seat 5: 3e639452 (9,610 in chips)
Seat 6: c510f6ff (12,190 in chips)
Seat 7: Hero (10,846 in chips)
Seat 8: e02d3b5d (10,129 in chips)
3e639452: posts the ante 18
b2ecc2c2: posts the ante 18
67f47e61: posts the ante 18
ee2e8c95: posts the ante 18
e02d3b5d: posts the ante 18
c510f6ff: posts the ante 18
Hero: posts the ante 18
d678ccb4: posts the ante 18
c510f6ff: posts small blind 60
Hero: posts big blind 120
*** HOLE CARDS ***
Dealt to 67f47e61 
Dealt to b2ecc2c2 
Dealt to ee2e8c95 
Dealt to d678ccb4 
Dealt to 3e639452 
Dealt to c510f6ff 
Dealt to Hero [Qc 4h]
Dealt to e02d3b5d 
e02d3b5d: folds
67f47e61: folds
b2ecc2c2: folds
ee2e8c95: raises 4,144 to 4,264 and is all-in
d678ccb4: folds
3e639452: folds
c510f6ff: raises 7,908 to 12,172 and is all-in
Hero: folds
Uncalled bet (7,908) returned to c510f6ff
c510f6ff: shows [Js Jd]
ee2e8c95: shows [9s Ah]
*** FLOP *** [Qs 6h 6s]
*** TURN *** [Qs 6h 6s] [Td]
*** RIVER *** [Qs 6h 6s Td] [6c]
Hero: shows [Qc] (Sixes Full over Queens)
d678ccb4: shows [7d 2s] (Three Sixes)
*** SHOWDOWN ***
c510f6ff collected 8,792 from pot
*** SUMMARY ***
Total pot 8,792 | Rake 0 | Jackpot 0 | Bingo 0 | Fortune 0 | Tax 0
Board [Qs 6h 6s Td 6c]
Seat 1: 67f47e61 folded before Flop
Seat 2: b2ecc2c2 folded before Flop
Seat 3: ee2e8c95 showed [9s Ah] and lost with Three Sixes
Seat 4: d678ccb4 folded before Flop
Seat 5: 3e639452 (button) folded before Flop
Seat 6: c510f6ff (small blind) showed [Js Jd] and won (8,792) with Sixes Full over Jacks
Seat 7: Hero (big blind) folded before Flop
Seat 8: e02d3b5d folded before Flop


Poker Hand #TM3597667025: Tournament #158965871, Bounty Hunters Special $1.08 Hold'em No Limit - Level2(60/120) - 2024/08/19 20:46:43
Table '65' 8-max Seat #4 is the button
Seat 1: 67f47e61 (23,095 in chips)
Seat 2: b2ecc2c2 (9,982 in chips)
Seat 3: ee2e8c95 (4,300 in chips)
Seat 4: d678ccb4 (10,825 in chips)
Seat 5: 3e639452 (9,688 in chips)
Seat 6: c510f6ff (12,328 in chips)
Seat 7: Hero (10,864 in chips)
Seat 8: e02d3b5d (10,147 in chips)
b2ecc2c2: posts the ante 18
67f47e61: posts the ante 18
3e639452: posts the ante 18
ee2e8c95: posts the ante 18
e02d3b5d: posts the ante 18
c510f6ff: posts the ante 18
Hero: posts the ante 18
d678ccb4: posts the ante 18
3e639452: posts small blind 60
c510f6ff: posts big blind 120
*** HOLE CARDS ***
Dealt to 67f47e61 
Dealt to b2ecc2c2 
Dealt to ee2e8c95 
Dealt to d678ccb4 
Dealt to 3e639452 
Dealt to c510f6ff 
Dealt to Hero [Qc 3d]
Dealt to e02d3b5d 
Hero: folds
e02d3b5d: folds
67f47e61: raises 240 to 360
b2ecc2c2: folds
ee2e8c95: folds
d678ccb4: raises 720 to 1,080
3e639452: folds
c510f6ff: folds
67f47e61: raises 21,997 to 23,077 and is all-in
d678ccb4: calls 9,727 and is all-in
Uncalled bet (12,270) returned to 67f47e61
67f47e61: shows [As Ks]
d678ccb4: shows [Qs Qh]
*** FLOP *** [Td 9d Js]
*** TURN *** [Td 9d Js] [Kc]
*** RIVER *** [Td 9d Js Kc] [Ts]
*** SHOWDOWN ***
d678ccb4 collected 21,938 from pot
*** SUMMARY ***
Total pot 21,938 | Rake 0 | Jackpot 0 | Bingo 0 | Fortune 0 | Tax 0
Board [Td 9d Js Kc Ts]
Seat 1: 67f47e61 showed [As Ks] and lost with Pair of Kings and Pair of Tens
Seat 2: b2ecc2c2 folded before Flop
Seat 3: ee2e8c95 folded before Flop
Seat 4: d678ccb4 (button) showed [Qs Qh] and won (21,938) with Kings-High Straight
Seat 5: 3e639452 (small blind) folded before Flop
Seat 6: c510f6ff (big blind) folded before Flop
Seat 7: Hero folded before Flop
Seat 8: e02d3b5d folded before Flop


Poker Hand #TM3597666992: Tournament #158965871, Bounty Hunters Special $1.08 Hold'em No Limit - Level2(60/120) - 2024/08/19 20:46:04
Table '65' 8-max Seat #3 is the button
Seat 1: 67f47e61 (23,113 in chips)
Seat 2: b2ecc2c2 (10,000 in chips)
Seat 3: ee2e8c95 (4,318 in chips)
Seat 4: d678ccb4 (10,903 in chips)
Seat 5: 3e639452 (9,982 in chips)
Seat 6: c510f6ff (12,346 in chips)
Seat 7: Hero (10,882 in chips)
Seat 8: e02d3b5d (9,685 in chips)
b2ecc2c2: posts the ante 18
67f47e61: posts the ante 18
3e639452: posts the ante 18
ee2e8c95: posts the ante 18
e02d3b5d: posts the ante 18
c510f6ff: posts the ante 18
Hero: posts the ante 18
d678ccb4: posts the ante 18
d678ccb4: posts small blind 60
3e639452: posts big blind 120
*** HOLE CARDS ***
Dealt to 67f47e61 
Dealt to b2ecc2c2 
Dealt to ee2e8c95 
Dealt to d678ccb4 
Dealt to 3e639452 
Dealt to c510f6ff 
Dealt to Hero [8c 3s]
Dealt to e02d3b5d 
c510f6ff: folds
Hero: folds
e02d3b5d: raises 156 to 276
67f47e61: folds
b2ecc2c2: folds
ee2e8c95: folds
d678ccb4: folds
3e639452: calls 156
*** FLOP *** [5h Qc Ah]
3e639452: checks
e02d3b5d: bets 499
3e639452: folds
Uncalled bet (499) returned to e02d3b5d
*** SHOWDOWN ***
e02d3b5d collected 756 from pot
*** SUMMARY ***
Total pot 756 | Rake 0 | Jackpot 0 | Bingo 0 | Fortune 0 | Tax 0
Board [5h Qc Ah]
Seat 1: 67f47e61 folded before Flop
Seat 2: b2ecc2c2 folded before Flop
Seat 3: ee2e8c95 (button) folded before Flop
Seat 4: d678ccb4 (small blind) folded before Flop
Seat 5: 3e639452 (big blind) folded on the Flop
Seat 6: c510f6ff folded before Flop
Seat 7: Hero folded before Flop
Seat 8: e02d3b5d won (756)


Poker Hand #TM3597666944: Tournament #158965871, Bounty Hunters Special $1.08 Hold'em No Limit - Level2(60/120) - 2024/08/19 20:45:08
Table '65' 8-max Seat #1 is the button
Seat 1: 67f47e61 (23,131 in chips)
Seat 3: ee2e8c95 (4,639 in chips)
Seat 4: d678ccb4 (10,492 in chips)
Seat 5: 3e639452 (10,000 in chips)
Seat 6: c510f6ff (12,364 in chips)
Seat 7: Hero (10,900 in chips)
Seat 8: e02d3b5d (9,703 in chips)
67f47e61: posts the ante 18
3e639452: posts the ante 18
ee2e8c95: posts the ante 18
e02d3b5d: posts the ante 18
c510f6ff: posts the ante 18
Hero: posts the ante 18
d678ccb4: posts the ante 18
ee2e8c95: posts small blind 60
d678ccb4: posts big blind 120
*** HOLE CARDS ***
Dealt to 67f47e61 
Dealt to ee2e8c95 
Dealt to d678ccb4 
Dealt to 3e639452 
Dealt to c510f6ff 
Dealt to Hero [8h 6s]
Dealt to e02d3b5d 
3e639452: folds
c510f6ff: folds
Hero: folds
e02d3b5d: folds
67f47e61: folds
ee2e8c95: calls 60
d678ccb4: checks
*** FLOP *** [7s Qc 4h]
ee2e8c95: checks
d678ccb4: bets 183
ee2e8c95: calls 183
*** TURN *** [7s Qc 4h] [4d]
ee2e8c95: checks
d678ccb4: bets 366
ee2e8c95: folds
Uncalled bet (366) returned to d678ccb4
d678ccb4: shows [Jc] (Pair of Fours)
*** SHOWDOWN ***
d678ccb4 collected 732 from pot
*** SUMMARY ***
Total pot 732 | Rake 0 | Jackpot 0 | Bingo 0 | Fortune 0 | Tax 0
Board [7s Qc 4h 4d]
Seat 1: 67f47e61 (button) folded before Flop
Seat 3: ee2e8c95 (small blind) folded on the Turn
Seat 4: d678ccb4 (big blind) showed [Jc] and won (732)
Seat 5: 3e639452 folded before Flop
Seat 6: c510f6ff folded before Flop
Seat 7: Hero folded before Flop
Seat 8: e02d3b5d folded before Flop


Poker Hand #TM3597666889: Tournament #158965871, Bounty Hunters Special $1.08 Hold'em No Limit - Level2(60/120) - 2024/08/19 20:43:56
Table '65' 8-max Seat #8 is the button
Seat 1: 67f47e61 (16,727 in chips)
Seat 3: ee2e8c95 (10,713 in chips)
Seat 4: d678ccb4 (10,510 in chips)
Seat 5: b57a0270 (8,294 in chips)
Seat 6: c510f6ff (12,382 in chips)
Seat 7: Hero (10,918 in chips)
Seat 8: e02d3b5d (9,721 in chips)
b57a0270: posts the ante 18
67f47e61: posts the ante 18
ee2e8c95: posts the ante 18
e02d3b5d: posts the ante 18
c510f6ff: posts the ante 18
Hero: posts the ante 18
d678ccb4: posts the ante 18
67f47e61: posts small blind 60
ee2e8c95: posts big blind 120
*** HOLE CARDS ***
Dealt to 67f47e61 
Dealt to ee2e8c95 
Dealt to d678ccb4 
Dealt to b57a0270 
Dealt to c510f6ff 
Dealt to Hero [2c 8h]
Dealt to e02d3b5d 
d678ccb4: folds
b57a0270: raises 120 to 240
c510f6ff: folds
Hero: folds
e02d3b5d: folds
67f47e61: calls 180
ee2e8c95: calls 120
*** FLOP *** [Th 4c 2s]
67f47e61: bets 340
ee2e8c95: raises 740 to 1,080
b57a0270: folds
67f47e61: calls 740
*** TURN *** [Th 4c 2s] [9s]
67f47e61: bets 2,255
ee2e8c95: calls 2,255
*** RIVER *** [Th 4c 2s 9s] [Jd]
67f47e61: bets 2,481
ee2e8c95: calls 2,481
67f47e61: shows [9h Tc] (Pair of Tens and Pair of Nines)
ee2e8c95: shows [Ks Td] (Pair of Tens)
*** SHOWDOWN ***
67f47e61 collected 12,478 from pot
*** SUMMARY ***
Total pot 12,478 | Rake 0 | Jackpot 0 | Bingo 0 | Fortune 0 | Tax 0
Board [Th 4c 2s 9s Jd]
Seat 1: 67f47e61 (small blind) showed [9h Tc] and won (12,478) with Pair of Tens and Pair of Nines
Seat 3: ee2e8c95 (big blind) showed [Ks Td] and lost with Pair of Tens
Seat 4: d678ccb4 folded before Flop
Seat 5: b57a0270 folded on the Flop
Seat 6: c510f6ff folded before Flop
Seat 7: Hero folded before Flop
Seat 8: e02d3b5d (button) folded before Flop


Poker Hand #TM3597666861: Tournament #158965871, Bounty Hunters Special $1.08 Hold'em No Limit - Level2(60/120) - 2024/08/19 20:43:21
Table '65' 8-max Seat #7 is the button
Seat 1: 67f47e61 (16,865 in chips)
Seat 2: fdc00f04 (8,395 in chips)
Seat 3: ee2e8c95 (10,731 in chips)
Seat 4: d678ccb4 (9,964 in chips)
Seat 5: b57a0270 (8,312 in chips)
Seat 6: c510f6ff (12,400 in chips)
Seat 7: Hero (11,176 in chips)
Seat 8: e02d3b5d (9,799 in chips)
b57a0270: posts the ante 18
67f47e61: posts the ante 18
ee2e8c95: posts the ante 18
fdc00f04: posts the ante 18
e02d3b5d: posts the ante 18
c510f6ff: posts the ante 18
Hero: posts the ante 18
d678ccb4: posts the ante 18
e02d3b5d: posts small blind 60
67f47e61: posts big blind 120
*** HOLE CARDS ***
Dealt to 67f47e61 
Dealt to fdc00f04 
Dealt to ee2e8c95 
Dealt to d678ccb4 
Dealt to b57a0270 
Dealt to c510f6ff 
Dealt to Hero [9h Kh]
Dealt to e02d3b5d 
fdc00f04: folds
ee2e8c95: folds
d678ccb4: raises 120 to 240
b57a0270: folds
c510f6ff: folds
Hero: calls 240
e02d3b5d: folds
67f47e61: folds
*** FLOP *** [2d 6d 4s]
d678ccb4: bets 266
Hero: folds
Uncalled bet (266) returned to d678ccb4
*** SHOWDOWN ***
d678ccb4 collected 804 from pot
*** SUMMARY ***
Total pot 804 | Rake 0 | Jackpot 0 | Bingo 0 | Fortune 0 | Tax 0
Board [2d 6d 4s]
Seat 1: 67f47e61 (big blind) folded before Flop
Seat 2: fdc00f04 folded before Flop
Seat 3: ee2e8c95 folded before Flop
Seat 4: d678ccb4 won (804)
Seat 5: b57a0270 folded before Flop
Seat 6: c510f6ff folded before Flop
Seat 7: Hero (button) folded on the Flop
Seat 8: e02d3b5d (small blind) folded before Flop


Poker Hand #TM3597666844: Tournament #158965871, Bounty Hunters Special $1.08 Hold'em No Limit - Level2(60/120) - 2024/08/19 20:43:02
Table '65' 8-max Seat #6 is the button
Seat 1: 67f47e61 (16,883 in chips)
Seat 2: fdc00f04 (8,413 in chips)
Seat 3: ee2e8c95 (10,749 in chips)
Seat 4: d678ccb4 (9,982 in chips)
Seat 5: b57a0270 (8,006 in chips)
Seat 6: c510f6ff (12,418 in chips)
Seat 7: Hero (11,254 in chips)
Seat 8: e02d3b5d (9,937 in chips)
b57a0270: posts the ante 18
67f47e61: posts the ante 18
ee2e8c95: posts the ante 18
fdc00f04: posts the ante 18
e02d3b5d: posts the ante 18
c510f6ff: posts the ante 18
Hero: posts the ante 18
d678ccb4: posts the ante 18
Hero: posts small blind 60
e02d3b5d: posts big blind 120
*** HOLE CARDS ***
Dealt to 67f47e61 
Dealt to fdc00f04 
Dealt to ee2e8c95 
Dealt to d678ccb4 
Dealt to b57a0270 
Dealt to c510f6ff 
Dealt to Hero [6c 2c]
Dealt to e02d3b5d 
67f47e61: folds
fdc00f04: folds
ee2e8c95: folds
d678ccb4: folds
b57a0270: raises 120 to 240
c510f6ff: folds
Hero: folds
e02d3b5d: folds
Uncalled bet (120) returned to b57a0270
*** SHOWDOWN ***
b57a0270 collected 444 from pot
*** SUMMARY ***
Total pot 444 | Rake 0 | Jackpot 0 | Bingo 0 | Fortune 0 | Tax 0
Seat 1: 67f47e61 folded before Flop
Seat 2: fdc00f04 folded before Flop
Seat 3: ee2e8c95 folded before Flop
Seat 4: d678ccb4 folded before Flop
Seat 5: b57a0270 collected (444)
Seat 6: c510f6ff (button) folded before Flop
Seat 7: Hero (small blind) folded before Flop
Seat 8: e02d3b5d (big blind) folded before Flop


Poker Hand #TM3597666796: Tournament #158965871, Bounty Hunters Special $1.08 Hold'em No Limit - Level2(60/120) - 2024/08/19 20:42:05
Table '65' 8-max Seat #5 is the button
Seat 1: 67f47e61 (16,901 in chips)
Seat 2: fdc00f04 (8,431 in chips)
Seat 3: ee2e8c95 (10,767 in chips)
Seat 4: d678ccb4 (10,000 in chips)
Seat 5: b57a0270 (7,400 in chips)
Seat 6: c510f6ff (12,676 in chips)
Seat 7: Hero (11,512 in chips)
Seat 8: e02d3b5d (9,955 in chips)
b57a0270: posts the ante 18
67f47e61: posts the ante 18
ee2e8c95: posts the ante 18
fdc00f04: posts the ante 18
e02d3b5d: posts the ante 18
c510f6ff: posts the ante 18
Hero: posts the ante 18
d678ccb4: posts the ante 18
c510f6ff: posts small blind 60
Hero: posts big blind 120
*** HOLE CARDS ***
Dealt to 67f47e61 
Dealt to fdc00f04 
Dealt to ee2e8c95 
Dealt to d678ccb4 
Dealt to b57a0270 
Dealt to c510f6ff 
Dealt to Hero [Jc 9h]
Dealt to e02d3b5d 
e02d3b5d: folds
67f47e61: folds
fdc00f04: folds
ee2e8c95: folds
d678ccb4: folds
b57a0270: raises 120 to 240
c510f6ff: calls 180
Hero: calls 120
*** FLOP *** [8s 2c 3c]
c510f6ff: checks
Hero: checks
b57a0270: checks
*** TURN *** [8s 2c 3c] [8d]
c510f6ff: checks
Hero: checks
b57a0270: checks
*** RIVER *** [8s 2c 3c 8d] [Ac]
c510f6ff: checks
Hero: checks
b57a0270: bets 864
c510f6ff: folds
Hero: folds
Uncalled bet (864) returned to b57a0270
*** SHOWDOWN ***
b57a0270 collected 864 from pot
*** SUMMARY ***
Total pot 864 | Rake 0 | Jackpot 0 | Bingo 0 | Fortune 0 | Tax 0
Board [8s 2c 3c 8d Ac]
Seat 1: 67f47e61 folded before Flop
Seat 2: fdc00f04 folded before Flop
Seat 3: ee2e8c95 folded before Flop
Seat 4: d678ccb4 folded before Flop
Seat 5: b57a0270 (button) won (864)
Seat 6: c510f6ff (small blind) folded on the River
Seat 7: Hero (big blind) folded on the River
Seat 8: e02d3b5d folded before Flop


Poker Hand #TM3597666756: Tournament #158965871, Bounty Hunters Special $1.08 Hold'em No Limit - Level2(60/120) - 2024/08/19 20:41:16
Table '65' 8-max Seat #3 is the button
Seat 1: 67f47e61 (16,919 in chips)
Seat 2: fdc00f04 (8,449 in chips)
Seat 3: ee2e8c95 (10,059 in chips)
Seat 5: b57a0270 (7,898 in chips)
Seat 6: c510f6ff (12,814 in chips)
Seat 7: Hero (11,530 in chips)
Seat 8: e02d3b5d (9,973 in chips)
67f47e61: posts the ante 18
b57a0270: posts the ante 18
ee2e8c95: posts the ante 18
fdc00f04: posts the ante 18
e02d3b5d: posts the ante 18
c510f6ff: posts the ante 18
Hero: posts the ante 18
b57a0270: posts small blind 60
c510f6ff: posts big blind 120
*** HOLE CARDS ***
Dealt to 67f47e61 
Dealt to fdc00f04 
Dealt to ee2e8c95 
Dealt to b57a0270 
Dealt to c510f6ff 
Dealt to Hero [4s 8h]
Dealt to e02d3b5d 
Hero: folds
e02d3b5d: folds
67f47e61: folds
fdc00f04: folds
ee2e8c95: raises 120 to 240
b57a0270: calls 180
c510f6ff: folds
*** FLOP *** [Jc 6s Ks]
b57a0270: checks
ee2e8c95: bets 240
b57a0270: calls 240
*** TURN *** [Jc 6s Ks] [Tc]
b57a0270: checks
ee2e8c95: bets 905
b57a0270: folds
Uncalled bet (905) returned to ee2e8c95
*** SHOWDOWN ***
ee2e8c95 collected 1,206 from pot
*** SUMMARY ***
Total pot 1,206 | Rake 0 | Jackpot 0 | Bingo 0 | Fortune 0 | Tax 0
Board [Jc 6s Ks Tc]
Seat 1: 67f47e61 folded before Flop
Seat 2: fdc00f04 folded before Flop
Seat 3: ee2e8c95 (button) won (1,206)
Seat 5: b57a0270 (small blind) folded on the Turn
Seat 6: c510f6ff (big blind) folded before Flop
Seat 7: Hero folded before Flop
Seat 8: e02d3b5d folded before Flop


Poker Hand #TM3597666732: Tournament #158965871, Bounty Hunters Special $1.08 Hold'em No Limit - Level2(60/120) - 2024/08/19 20:40:47
Table '65' 8-max Seat #2 is the button
Seat 1: 67f47e61 (16,937 in chips)
Seat 2: fdc00f04 (8,467 in chips)
Seat 3: ee2e8c95 (10,137 in chips)
Seat 5: b57a0270 (8,156 in chips)
Seat 6: c510f6ff (12,832 in chips)
Seat 7: Hero (11,122 in chips)
Seat 8: e02d3b5d (9,991 in chips)
67f47e61: posts the ante 18
b57a0270: posts the ante 18
ee2e8c95: posts the ante 18
fdc00f04: posts the ante 18
e02d3b5d: posts the ante 18
c510f6ff: posts the ante 18
Hero: posts the ante 18
ee2e8c95: posts small blind 60
b57a0270: posts big blind 120
*** HOLE CARDS ***
Dealt to 67f47e61 
Dealt to fdc00f04 
Dealt to ee2e8c95 
Dealt to b57a0270 
Dealt to c510f6ff 
Dealt to Hero [7s 8h]
Dealt to e02d3b5d 
c510f6ff: folds
Hero: raises 120 to 240
e02d3b5d: folds
67f47e61: folds
fdc00f04: folds
ee2e8c95: folds
b57a0270: calls 120
*** FLOP *** [Qs 7d 3d]
b57a0270: checks
Hero: bets 333
b57a0270: folds
Uncalled bet (333) returned to Hero
*** SHOWDOWN ***
Hero collected 666 from pot
*** SUMMARY ***
Total pot 666 | Rake 0 | Jackpot 0 | Bingo 0 | Fortune 0 | Tax 0
Board [Qs 7d 3d]
Seat 1: 67f47e61 folded before Flop
Seat 2: fdc00f04 (button) folded before Flop
Seat 3: ee2e8c95 (small blind) folded before Flop
Seat 5: b57a0270 (big blind) folded on the Flop
Seat 6: c510f6ff folded before Flop
Seat 7: Hero won (666)
Seat 8: e02d3b5d folded before Flop


Poker Hand #TM3597666695: Tournament #158965871, Bounty Hunters Special $1.08 Hold'em No Limit - Level2(60/120) - 2024/08/19 20:40:01
Table '65' 8-max Seat #1 is the button
Seat 1: 67f47e61 (16,955 in chips)
Seat 2: fdc00f04 (8,545 in chips)
Seat 3: ee2e8c95 (9,675 in chips)
Seat 4: 53c1cd3e (12,376 in chips)
Seat 5: b57a0270 (8,174 in chips)
Seat 6: c510f6ff (12,850 in chips)
Seat 7: Hero (11,140 in chips)
Seat 8: e02d3b5d (10,285 in chips)
67f47e61: posts the ante 18
b57a0270: posts the ante 18
53c1cd3e: posts the ante 18
ee2e8c95: posts the ante 18
fdc00f04: posts the ante 18
e02d3b5d: posts the ante 18
c510f6ff: posts the ante 18
Hero: posts the ante 18
fdc00f04: posts small blind 60
ee2e8c95: posts big blind 120
*** HOLE CARDS ***
Dealt to 67f47e61 
Dealt to fdc00f04 
Dealt to ee2e8c95 
Dealt to 53c1cd3e 
Dealt to b57a0270 
Dealt to c510f6ff 
Dealt to Hero [Jc 7s]
Dealt to e02d3b5d 
53c1cd3e: folds
b57a0270: folds
c510f6ff: folds
Hero: folds
e02d3b5d: raises 156 to 276
67f47e61: folds
fdc00f04: folds
ee2e8c95: calls 156
*** FLOP *** [8c 2d 3c]
ee2e8c95: checks
e02d3b5d: checks
*** TURN *** [8c 2d 3c] [6c]
ee2e8c95: bets 378
e02d3b5d: folds
Uncalled bet (378) returned to ee2e8c95
*** SHOWDOWN ***
ee2e8c95 collected 756 from pot
*** SUMMARY ***
Total pot 756 | Rake 0 | Jackpot 0 | Bingo 0 | Fortune 0 | Tax 0
Board [8c 2d 3c 6c]
Seat 1: 67f47e61 (button) folded before Flop
Seat 2: fdc00f04 (small blind) folded before Flop
Seat 3: ee2e8c95 (big blind) won (756)
Seat 4: 53c1cd3e folded before Flop
Seat 5: b57a0270 folded before Flop
Seat 6: c510f6ff folded before Flop
Seat 7: Hero folded before Flop
Seat 8: e02d3b5d folded on the Turn


Poker Hand #TM3597666663: Tournament #158965871, Bounty Hunters Special $1.08 Hold'em No Limit - Level1(50/100) - 2024/08/19 20:39:27
Table '65' 8-max Seat #8 is the button
Seat 1: 67f47e61 (17,020 in chips)
Seat 2: fdc00f04 (8,660 in chips)
Seat 3: ee2e8c95 (9,690 in chips)
Seat 4: 53c1cd3e (12,391 in chips)
Seat 5: b57a0270 (8,189 in chips)
Seat 6: c510f6ff (12,865 in chips)
Seat 7: Hero (11,155 in chips)
Seat 8: e02d3b5d (10,030 in chips)
b57a0270: posts the ante 15
67f47e61: posts the ante 15
53c1cd3e: posts the ante 15
ee2e8c95: posts the ante 15
fdc00f04: posts the ante 15
e02d3b5d: posts the ante 15
c510f6ff: posts the ante 15
Hero: posts the ante 15
67f47e61: posts small blind 50
fdc00f04: posts big blind 100
*** HOLE CARDS ***
Dealt to 67f47e61 
Dealt to fdc00f04 
Dealt to ee2e8c95 
Dealt to 53c1cd3e 
Dealt to b57a0270 
Dealt to c510f6ff 
Dealt to Hero [6s Qs]
Dealt to e02d3b5d 
ee2e8c95: folds
53c1cd3e: folds
b57a0270: folds
c510f6ff: folds
Hero: folds
e02d3b5d: raises 129 to 229
67f47e61: folds
fdc00f04: folds
Uncalled bet (129) returned to e02d3b5d
*** SHOWDOWN ***
e02d3b5d collected 370 from pot
*** SUMMARY ***
Total pot 370 | Rake 0 | Jackpot 0 | Bingo 0 | Fortune 0 | Tax 0
Seat 1: 67f47e61 (small blind) folded before Flop
Seat 2: fdc00f04 (big blind) folded before Flop
Seat 3: ee2e8c95 folded before Flop
Seat 4: 53c1cd3e folded before Flop
Seat 5: b57a0270 folded before Flop
Seat 6: c510f6ff folded before Flop
Seat 7: Hero folded before Flop
Seat 8: e02d3b5d (button) collected (370)


Poker Hand #TM3597666632: Tournament #158965871, Bounty Hunters Special $1.08 Hold'em No Limit - Level1(50/100) - 2024/08/19 20:38:47
Table '65' 8-max Seat #7 is the button
Seat 1: 67f47e61 (17,135 in chips)
Seat 2: fdc00f04 (8,885 in chips)
Seat 3: ee2e8c95 (9,705 in chips)
Seat 4: 53c1cd3e (11,926 in chips)
Seat 5: b57a0270 (8,204 in chips)
Seat 6: c510f6ff (12,880 in chips)
Seat 7: Hero (11,170 in chips)
Seat 8: e02d3b5d (10,095 in chips)
b57a0270: posts the ante 15
67f47e61: posts the ante 15
53c1cd3e: posts the ante 15
ee2e8c95: posts the ante 15
fdc00f04: posts the ante 15
e02d3b5d: posts the ante 15
c510f6ff: posts the ante 15
Hero: posts the ante 15
e02d3b5d: posts small blind 50
67f47e61: posts big blind 100
*** HOLE CARDS ***
Dealt to 67f47e61 
Dealt to fdc00f04 
Dealt to ee2e8c95 
Dealt to 53c1cd3e 
Dealt to b57a0270 
Dealt to c510f6ff 
Dealt to Hero [Ah 8c]
Dealt to e02d3b5d 
fdc00f04: raises 110 to 210
ee2e8c95: folds
53c1cd3e: calls 210
b57a0270: folds
c510f6ff: folds
Hero: folds
e02d3b5d: folds
67f47e61: folds
*** FLOP *** [9c 2s Ks]
fdc00f04: checks
53c1cd3e: bets 228
fdc00f04: folds
Uncalled bet (228) returned to 53c1cd3e
*** SHOWDOWN ***
53c1cd3e collected 690 from pot
*** SUMMARY ***
Total pot 690 | Rake 0 | Jackpot 0 | Bingo 0 | Fortune 0 | Tax 0
Board [9c 2s Ks]
Seat 1: 67f47e61 (big blind) folded before Flop
Seat 2: fdc00f04 folded on the Flop
Seat 3: ee2e8c95 folded before Flop
Seat 4: 53c1cd3e won (690)
Seat 5: b57a0270 folded before Flop
Seat 6: c510f6ff folded before Flop
Seat 7: Hero (button) folded before Flop
Seat 8: e02d3b5d (small blind) folded before Flop


Poker Hand #TM3597666591: Tournament #158965871, Bounty Hunters Special $1.08 Hold'em No Limit - Level1(50/100) - 2024/08/19 20:38:14
Table '65' 8-max Seat #6 is the button
Seat 1: 67f47e61 (17,150 in chips)
Seat 2: fdc00f04 (8,900 in chips)
Seat 3: ee2e8c95 (9,720 in chips)
Seat 4: 53c1cd3e (11,941 in chips)
Seat 5: b57a0270 (8,219 in chips)
Seat 6: c510f6ff (12,895 in chips)
Seat 7: Hero (11,235 in chips)
Seat 8: e02d3b5d (9,940 in chips)
b57a0270: posts the ante 15
67f47e61: posts the ante 15
53c1cd3e: posts the ante 15
ee2e8c95: posts the ante 15
fdc00f04: posts the ante 15
e02d3b5d: posts the ante 15
c510f6ff: posts the ante 15
Hero: posts the ante 15
Hero: posts small blind 50
e02d3b5d: posts big blind 100
*** HOLE CARDS ***
Dealt to 67f47e61 
Dealt to fdc00f04 
Dealt to ee2e8c95 
Dealt to 53c1cd3e 
Dealt to b57a0270 
Dealt to c510f6ff 
Dealt to Hero [5c 9d]
Dealt to e02d3b5d 
67f47e61: folds
fdc00f04: folds
ee2e8c95: folds
53c1cd3e: folds
b57a0270: folds
c510f6ff: folds
Hero: folds
Uncalled bet (50) returned to e02d3b5d
*** SHOWDOWN ***
e02d3b5d collected 220 from pot
*** SUMMARY ***
Total pot 220 | Rake 0 | Jackpot 0 | Bingo 0 | Fortune 0 | Tax 0
Seat 1: 67f47e61 folded before Flop
Seat 2: fdc00f04 folded before Flop
Seat 3: ee2e8c95 folded before Flop
Seat 4: 53c1cd3e folded before Flop
Seat 5: b57a0270 folded before Flop
Seat 6: c510f6ff (button) folded before Flop
Seat 7: Hero (small blind) folded before Flop
Seat 8: e02d3b5d (big blind) collected (220)


Poker Hand #TM3597666533: Tournament #158965871, Bounty Hunters Special $1.08 Hold'em No Limit - Level1(50/100) - 2024/08/19 20:37:05
Table '65' 8-max Seat #5 is the button
Seat 1: 67f47e61 (17,165 in chips)
Seat 2: fdc00f04 (8,915 in chips)
Seat 3: ee2e8c95 (9,735 in chips)
Seat 4: 53c1cd3e (10,345 in chips)
Seat 5: b57a0270 (9,575 in chips)
Seat 6: c510f6ff (12,960 in chips)
Seat 7: Hero (11,350 in chips)
Seat 8: e02d3b5d (9,955 in chips)
b57a0270: posts the ante 15
67f47e61: posts the ante 15
53c1cd3e: posts the ante 15
ee2e8c95: posts the ante 15
fdc00f04: posts the ante 15
e02d3b5d: posts the ante 15
c510f6ff: posts the ante 15
Hero: posts the ante 15
c510f6ff: posts small blind 50
Hero: posts big blind 100
*** HOLE CARDS ***
Dealt to 67f47e61 
Dealt to fdc00f04 
Dealt to ee2e8c95 
Dealt to 53c1cd3e 
Dealt to b57a0270 
Dealt to c510f6ff 
Dealt to Hero [Tc 8d]
Dealt to e02d3b5d 
e02d3b5d: folds
67f47e61: folds
fdc00f04: folds
ee2e8c95: folds
53c1cd3e: raises 300 to 400
b57a0270: calls 400
c510f6ff: folds
Hero: folds
*** FLOP *** [Qh 5d 8c]
53c1cd3e: bets 354
b57a0270: calls 354
*** TURN *** [Qh 5d 8c] [5h]
53c1cd3e: bets 587
b57a0270: calls 587
*** RIVER *** [Qh 5d 8c 5h] [Td]
53c1cd3e: checks
b57a0270: checks
53c1cd3e: shows [4h 4c] (Pair of Fives and Pair of Fours)
b57a0270: shows [7s 6d] (Pair of Fives)
*** SHOWDOWN ***
53c1cd3e collected 2,952 from pot
*** SUMMARY ***
Total pot 2,952 | Rake 0 | Jackpot 0 | Bingo 0 | Fortune 0 | Tax 0
Board [Qh 5d 8c 5h Td]
Seat 1: 67f47e61 folded before Flop
Seat 2: fdc00f04 folded before Flop
Seat 3: ee2e8c95 folded before Flop
Seat 4: 53c1cd3e showed [4h 4c] and won (2,952) with Pair of Fives and Pair of Fours
Seat 5: b57a0270 (button) showed [7s 6d] and lost with Pair of Fives
Seat 6: c510f6ff (small blind) folded before Flop
Seat 7: Hero (big blind) folded before Flop
Seat 8: e02d3b5d folded before Flop


Poker Hand #TM3597666479: Tournament #158965871, Bounty Hunters Special $1.08 Hold'em No Limit - Level1(50/100) - 2024/08/19 20:36:10
Table '65' 8-max Seat #4 is the button
Seat 1: 67f47e61 (17,180 in chips)
Seat 2: fdc00f04 (9,130 in chips)
Seat 3: ee2e8c95 (9,080 in chips)
Seat 4: 53c1cd3e (10,360 in chips)
Seat 5: b57a0270 (9,640 in chips)
Seat 6: c510f6ff (13,075 in chips)
Seat 7: Hero (11,565 in chips)
Seat 8: e02d3b5d (9,970 in chips)
67f47e61: posts the ante 15
b57a0270: posts the ante 15
53c1cd3e: posts the ante 15
ee2e8c95: posts the ante 15
fdc00f04: posts the ante 15
e02d3b5d: posts the ante 15
c510f6ff: posts the ante 15
Hero: posts the ante 15
b57a0270: posts small blind 50
c510f6ff: posts big blind 100
*** HOLE CARDS ***
Dealt to 67f47e61 
Dealt to fdc00f04 
Dealt to ee2e8c95 
Dealt to 53c1cd3e 
Dealt to b57a0270 
Dealt to c510f6ff 
Dealt to Hero [9h Ts]
Dealt to e02d3b5d 
Hero: raises 100 to 200
e02d3b5d: folds
67f47e61: folds
fdc00f04: calls 200
ee2e8c95: calls 200
53c1cd3e: folds
b57a0270: folds
c510f6ff: folds
*** FLOP *** [Qh 6h 6s]
Hero: checks
fdc00f04: checks
ee2e8c95: bets 288
Hero: folds
fdc00f04: folds
Uncalled bet (288) returned to ee2e8c95
*** SHOWDOWN ***
ee2e8c95 collected 870 from pot
*** SUMMARY ***
Total pot 870 | Rake 0 | Jackpot 0 | Bingo 0 | Fortune 0 | Tax 0
Board [Qh 6h 6s]
Seat 1: 67f47e61 folded before Flop
Seat 2: fdc00f04 folded on the Flop
Seat 3: ee2e8c95 won (870)
Seat 4: 53c1cd3e (button) folded before Flop
Seat 5: b57a0270 (small blind) folded before Flop
Seat 6: c510f6ff (big blind) folded before Flop
Seat 7: Hero folded on the Flop
Seat 8: e02d3b5d folded before Flop


Poker Hand #TM3597666424: Tournament #158965871, Bounty Hunters Special $1.08 Hold'em No Limit - Level1(50/100) - 2024/08/19 20:35:04
Table '65' 8-max Seat #3 is the button
Seat 1: 67f47e61 (17,195 in chips)
Seat 2: fdc00f04 (9,145 in chips)
Seat 3: ee2e8c95 (9,095 in chips)
Seat 4: 53c1cd3e (9,855 in chips)
Seat 5: b57a0270 (9,955 in chips)
Seat 6: c510f6ff (13,090 in chips)
Seat 7: Hero (11,680 in chips)
Seat 8: e02d3b5d (9,985 in chips)
67f47e61: posts the ante 15
b57a0270: posts the ante 15
ee2e8c95: posts the ante 15
53c1cd3e: posts the ante 15
fdc00f04: posts the ante 15
e02d3b5d: posts the ante 15
c510f6ff: posts the ante 15
Hero: posts the ante 15
53c1cd3e: posts small blind 50
b57a0270: posts big blind 100
*** HOLE CARDS ***
Dealt to 67f47e61 
Dealt to fdc00f04 
Dealt to ee2e8c95 
Dealt to 53c1cd3e 
Dealt to b57a0270 
Dealt to c510f6ff 
Dealt to Hero [Ts Qh]
Dealt to e02d3b5d 
c510f6ff: folds
Hero: calls 100
e02d3b5d: folds
67f47e61: folds
fdc00f04: folds
ee2e8c95: folds
53c1cd3e: calls 50
b57a0270: checks
*** FLOP *** [9c Ac 4c]
53c1cd3e: checks
b57a0270: checks
Hero: checks
*** TURN *** [9c Ac 4c] [6h]
53c1cd3e: checks
b57a0270: checks
Hero: checks
*** RIVER *** [9c Ac 4c 6h] [5s]
53c1cd3e: bets 200
b57a0270: calls 200
Hero: folds
53c1cd3e: shows [Js 9h] (Pair of Nines)
b57a0270: shows [7c 9d] (Pair of Nines)
*** SHOWDOWN ***
53c1cd3e collected 820 from pot
*** SUMMARY ***
Total pot 820 | Rake 0 | Jackpot 0 | Bingo 0 | Fortune 0 | Tax 0
Board [9c Ac 4c 6h 5s]
Seat 1: 67f47e61 folded before Flop
Seat 2: fdc00f04 folded before Flop
Seat 3: ee2e8c95 (button) folded before Flop
Seat 4: 53c1cd3e (small blind) showed [Js 9h] and won (820) with Pair of Nines
Seat 5: b57a0270 (big blind) showed [7c 9d] and lost with Pair of Nines
Seat 6: c510f6ff folded before Flop
Seat 7: Hero folded on the River
Seat 8: e02d3b5d folded before Flop


Poker Hand #TM3597666351: Tournament #158965871, Bounty Hunters Special $1.08 Hold'em No Limit - Level1(50/100) - 2024/08/19 20:33:42
Table '65' 8-max Seat #2 is the button
Seat 1: 67f47e61 (20,075 in chips)
Seat 2: fdc00f04 (9,160 in chips)
Seat 3: ee2e8c95 (9,160 in chips)
Seat 4: 53c1cd3e (9,970 in chips)
Seat 5: b57a0270 (9,970 in chips)
Seat 6: c510f6ff (9,970 in chips)
Seat 7: Hero (11,695 in chips)
Seat 8: e02d3b5d (10,000 in chips)
67f47e61: posts the ante 15
b57a0270: posts the ante 15
53c1cd3e: posts the ante 15
ee2e8c95: posts the ante 15
fdc00f04: posts the ante 15
e02d3b5d: posts the ante 15
c510f6ff: posts the ante 15
Hero: posts the ante 15
ee2e8c95: posts small blind 50
53c1cd3e: posts big blind 100
*** HOLE CARDS ***
Dealt to 67f47e61 
Dealt to fdc00f04 
Dealt to ee2e8c95 
Dealt to 53c1cd3e 
Dealt to b57a0270 
Dealt to c510f6ff 
Dealt to Hero [3h Qs]
Dealt to e02d3b5d 
b57a0270: folds
c510f6ff: raises 200 to 300
Hero: folds
e02d3b5d: folds
67f47e61: raises 653 to 953
fdc00f04: folds
ee2e8c95: folds
53c1cd3e: folds
c510f6ff: calls 653
*** FLOP *** [Ks Kd 9d]
c510f6ff: checks
67f47e61: bets 719
c510f6ff: calls 719
*** TURN *** [Ks Kd 9d] [9h]
c510f6ff: checks
67f47e61: bets 1,193
c510f6ff: calls 1,193
*** RIVER *** [Ks Kd 9d 9h] [6d]
c510f6ff: checks
67f47e61: checks
c510f6ff: shows [Qd Qh] (Pair of Kings and Pair of Queens)
67f47e61: shows [Jc Jh] (Pair of Kings and Pair of Jacks)
*** SHOWDOWN ***
c510f6ff collected 6,000 from pot
*** SUMMARY ***
Total pot 6,000 | Rake 0 | Jackpot 0 | Bingo 0 | Fortune 0 | Tax 0
Board [Ks Kd 9d 9h 6d]
Seat 1: 67f47e61 showed [Jc Jh] and lost with Pair of Kings and Pair of Jacks
Seat 2: fdc00f04 (button) folded before Flop
Seat 3: ee2e8c95 (small blind) folded before Flop
Seat 4: 53c1cd3e (big blind) folded before Flop
Seat 5: b57a0270 folded before Flop
Seat 6: c510f6ff showed [Qd Qh] and won (6,000) with Pair of Kings and Pair of Queens
Seat 7: Hero folded before Flop
Seat 8: e02d3b5d folded before Flop


Poker Hand #TM3597666239: Tournament #158965871, Bounty Hunters Special $1.08 Hold'em No Limit - Level1(50/100) - 2024/08/19 20:31:33
Table '65' 8-max Seat #1 is the button
Seat 1: 67f47e61 (20,090 in chips)
Seat 2: fdc00f04 (9,985 in chips)
Seat 3: ee2e8c95 (9,985 in chips)
Seat 4: 53c1cd3e (9,985 in chips)
Seat 5: b57a0270 (9,985 in chips)
Seat 6: c510f6ff (9,985 in chips)
Seat 7: Hero (9,985 in chips)
67f47e61: posts the ante 15
b57a0270: posts the ante 15
53c1cd3e: posts the ante 15
ee2e8c95: posts the ante 15
fdc00f04: posts the ante 15
c510f6ff: posts the ante 15
Hero: posts the ante 15
fdc00f04: posts small blind 50
ee2e8c95: posts big blind 100
*** HOLE CARDS ***
Dealt to 67f47e61 
Dealt to fdc00f04 
Dealt to ee2e8c95 
Dealt to 53c1cd3e 
Dealt to b57a0270 
Dealt to c510f6ff 
Dealt to Hero [9c Ks]
53c1cd3e: folds
b57a0270: folds
c510f6ff: folds
Hero: calls 100
67f47e61: folds
fdc00f04: calls 50
ee2e8c95: checks
*** FLOP *** [Qh 9s 3d]
fdc00f04: checks
ee2e8c95: checks
Hero: checks
*** TURN *** [Qh 9s 3d] [Kd]
fdc00f04: bets 203
ee2e8c95: calls 203
Hero: raises 507 to 710
fdc00f04: calls 507
ee2e8c95: calls 507
*** RIVER *** [Qh 9s 3d Kd] [Ts]
fdc00f04: checks
ee2e8c95: checks
Hero: bets 1,268
fdc00f04: folds
ee2e8c95: folds
Uncalled bet (1,268) returned to Hero
*** SHOWDOWN ***
Hero collected 2,535 from pot
*** SUMMARY ***
Total pot 2,535 | Rake 0 | Jackpot 0 | Bingo 0 | Fortune 0 | Tax 0
Board [Qh 9s 3d Kd Ts]
Seat 1: 67f47e61 (button) folded before Flop
Seat 2: fdc00f04 (small blind) folded on the River
Seat 3: ee2e8c95 (big blind) folded on the River
Seat 4: 53c1cd3e folded before Flop
Seat 5: b57a0270 folded before Flop
Seat 6: c510f6ff folded before Flop
Seat 7: Hero won (2,535)


Poker Hand #TM3597666161: Tournament #158965871, Bounty Hunters Special $1.08 Hold'em No Limit - Level1(50/100) - 2024/08/19 20:30:02
Table '65' 8-max Seat #7 is the button
Seat 1: 67f47e61 (10,000 in chips)
Seat 2: fdc00f04 (10,000 in chips)
Seat 3: ee2e8c95 (10,000 in chips)
Seat 4: 53c1cd3e (10,000 in chips)
Seat 5: b57a0270 (10,000 in chips)
Seat 6: c510f6ff (10,000 in chips)
Seat 7: Hero (10,000 in chips)
Seat 8: ac26e868 (10,000 in chips)
b57a0270: posts the ante 15
67f47e61: posts the ante 15
53c1cd3e: posts the ante 15
ee2e8c95: posts the ante 15
ac26e868: posts the ante 15
fdc00f04: posts the ante 15
c510f6ff: posts the ante 15
Hero: posts the ante 15
ac26e868: posts small blind 50
67f47e61: posts big blind 100
*** HOLE CARDS ***
Dealt to 67f47e61 
Dealt to fdc00f04 
Dealt to ee2e8c95 
Dealt to 53c1cd3e 
Dealt to b57a0270 
Dealt to c510f6ff 
Dealt to Hero [Td 3d]
Dealt to ac26e868 
fdc00f04: folds
ee2e8c95: folds
53c1cd3e: folds
b57a0270: folds
c510f6ff: folds
Hero: folds
ac26e868: raises 200 to 300
67f47e61: calls 200
*** FLOP *** [7s 4s Kc]
ac26e868: bets 216
67f47e61: calls 216
*** TURN *** [7s 4s Kc] [Ks]
ac26e868: bets 864
67f47e61: raises 8,605 to 9,469 and is all-in
ac26e868: calls 8,605 and is all-in
67f47e61: shows [Ts Kd] (Three Kings)
ac26e868: shows [9s As] (Ace High Flush)
*** RIVER *** [7s 4s Kc Ks] [Tc]
*** SHOWDOWN ***
67f47e61 collected 20,090 from pot
*** SUMMARY ***
Total pot 20,090 | Rake 0 | Jackpot 0 | Bingo 0 | Fortune 0 | Tax 0
Board [7s 4s Kc Ks Tc]
Seat 1: 67f47e61 (big blind) showed [Ts Kd] and won (20,090) with Kings Full over Tens
Seat 2: fdc00f04 folded before Flop
Seat 3: ee2e8c95 folded before Flop
Seat 4: 53c1cd3e folded before Flop
Seat 5: b57a0270 folded before Flop
Seat 6: c510f6ff folded before Flop
Seat 7: Hero (button) folded before Flop
Seat 8: ac26e868 (small blind) showed [9s As] and lost with Ace High Flush


