Poker Hand #TM3542457103: Tournament #156057564, Bounty Hunters Big One $1.08 Hold'em No Limit - Level10(300/600) - 2024/08/02 13:16:11
Table '25' 8-max Seat #2 is the button
Seat 1: 190f3f39 (6,695 in chips)
Seat 2: Hero (25,682 in chips)
Seat 3: 152362ae (61,968 in chips)
Seat 4: 3e58e2bc (9,910 in chips)
Seat 5: d647ef25 (19,301 in chips)
Seat 6: efd80563 (27,113 in chips)
Seat 7: 9cf26b9c (58,189 in chips)
Seat 8: 5c492841 (16,347 in chips)
9cf26b9c: posts the ante 90
3e58e2bc: posts the ante 90
190f3f39: posts the ante 90
5c492841: posts the ante 90
Hero: posts the ante 90
d647ef25: posts the ante 90
efd80563: posts the ante 90
152362ae: posts the ante 90
152362ae: posts small blind 300
3e58e2bc: posts big blind 600
*** HOLE CARDS ***
Dealt to 190f3f39 
Dealt to Hero [4s 4c]
Dealt to 152362ae 
Dealt to 3e58e2bc 
Dealt to d647ef25 
Dealt to efd80563 
Dealt to 9cf26b9c 
Dealt to 5c492841 
d647ef25: folds
efd80563: raises 600 to 1,200
9cf26b9c: folds
5c492841: folds
190f3f39: raises 5,405 to 6,605 and is all-in
Hero: raises 18,987 to 25,592 and is all-in
152362ae: folds
3e58e2bc: folds
efd80563: calls 24,392
Hero: shows [4s 4c]
efd80563: shows [Ts Kd]
190f3f39: shows [7d 7h]
*** FLOP *** [6d 6h Tc]
*** TURN *** [6d 6h Tc] [Ks]
*** RIVER *** [6d 6h Tc Ks] [Kc]
*** SHOWDOWN ***
efd80563 collected 21,435 from pot
efd80563 collected 37,974 from pot
*** SUMMARY ***
Total pot 59,409 | Rake 0 | Jackpot 0 | Bingo 0 | Fortune 0 | Tax 0
Board [6d 6h Tc Ks Kc]
Seat 1: 190f3f39 showed [7d 7h] and lost with Pair of Kings and Pair of Sevens
Seat 2: Hero (button) showed [4s 4c] and lost with Pair of Kings and Pair of Sixes
Seat 3: 152362ae (small blind) folded before Flop
Seat 4: 3e58e2bc (big blind) folded before Flop
Seat 5: d647ef25 folded before Flop
Seat 6: efd80563 showed [Ts Kd] and won (59,409) with Kings Full over Tens
Seat 7: 9cf26b9c folded before Flop
Seat 8: 5c492841 folded before Flop


Poker Hand #TM3542457049: Tournament #156057564, Bounty Hunters Big One $1.08 Hold'em No Limit - Level10(300/600) - 2024/08/02 13:14:56
Table '25' 8-max Seat #1 is the button
Seat 1: 190f3f39 (7,985 in chips)
Seat 2: Hero (28,794 in chips)
Seat 3: 152362ae (55,916 in chips)
Seat 4: 3e58e2bc (10,000 in chips)
Seat 5: d647ef25 (20,591 in chips)
Seat 6: efd80563 (27,203 in chips)
Seat 7: 9cf26b9c (58,279 in chips)
Seat 8: 5c492841 (16,437 in chips)
9cf26b9c: posts the ante 90
3e58e2bc: posts the ante 90
190f3f39: posts the ante 90
5c492841: posts the ante 90
d647ef25: posts the ante 90
Hero: posts the ante 90
efd80563: posts the ante 90
152362ae: posts the ante 90
Hero: posts small blind 300
152362ae: posts big blind 600
*** HOLE CARDS ***
Dealt to 190f3f39 
Dealt to Hero [7d 7c]
Dealt to 152362ae 
Dealt to 3e58e2bc 
Dealt to d647ef25 
Dealt to efd80563 
Dealt to 9cf26b9c 
Dealt to 5c492841 
3e58e2bc: folds
d647ef25: raises 600 to 1,200
efd80563: folds
9cf26b9c: folds
5c492841: folds
190f3f39: calls 1,200
Hero: calls 900
152362ae: calls 600
*** FLOP *** [5h Ks 2d]
Hero: checks
152362ae: checks
d647ef25: checks
190f3f39: checks
*** TURN *** [5h Ks 2d] [8c]
Hero: checks
152362ae: bets 1,822
d647ef25: folds
190f3f39: folds
Hero: calls 1,822
*** RIVER *** [5h Ks 2d 8c] [Kh]
Hero: checks
152362ae: bets 5,182
Hero: folds
Uncalled bet (5,182) returned to 152362ae
*** SHOWDOWN ***
152362ae collected 9,164 from pot
*** SUMMARY ***
Total pot 9,164 | Rake 0 | Jackpot 0 | Bingo 0 | Fortune 0 | Tax 0
Board [5h Ks 2d 8c Kh]
Seat 1: 190f3f39 (button) folded on the Turn
Seat 2: Hero (small blind) folded on the River
Seat 3: 152362ae (big blind) won (9,164)
Seat 4: 3e58e2bc folded before Flop
Seat 5: d647ef25 folded on the Turn
Seat 6: efd80563 folded before Flop
Seat 7: 9cf26b9c folded before Flop
Seat 8: 5c492841 folded before Flop


Poker Hand #TM3542457023: Tournament #156057564, Bounty Hunters Big One $1.08 Hold'em No Limit - Level10(300/600) - 2024/08/02 13:14:17
Table '25' 8-max Seat #8 is the button
Seat 1: 190f3f39 (9,275 in chips)
Seat 2: Hero (30,084 in chips)
Seat 3: 152362ae (56,006 in chips)
Seat 5: d647ef25 (16,451 in chips)
Seat 6: efd80563 (27,293 in chips)
Seat 7: 9cf26b9c (59,569 in chips)
Seat 8: 5c492841 (16,527 in chips)
9cf26b9c: posts the ante 90
5c492841: posts the ante 90
190f3f39: posts the ante 90
d647ef25: posts the ante 90
Hero: posts the ante 90
efd80563: posts the ante 90
152362ae: posts the ante 90
190f3f39: posts small blind 300
Hero: posts big blind 600
*** HOLE CARDS ***
Dealt to 190f3f39 
Dealt to Hero [8s Ks]
Dealt to 152362ae 
Dealt to d647ef25 
Dealt to efd80563 
Dealt to 9cf26b9c 
Dealt to 5c492841 
152362ae: folds
d647ef25: raises 600 to 1,200
efd80563: folds
9cf26b9c: calls 1,200
5c492841: folds
190f3f39: calls 900
Hero: calls 600
*** FLOP *** [Ac Kc 4c]
190f3f39: checks
Hero: checks
d647ef25: bets 1,792
9cf26b9c: folds
190f3f39: folds
Hero: folds
Uncalled bet (1,792) returned to d647ef25
*** SHOWDOWN ***
d647ef25 collected 5,430 from pot
*** SUMMARY ***
Total pot 5,430 | Rake 0 | Jackpot 0 | Bingo 0 | Fortune 0 | Tax 0
Board [Ac Kc 4c]
Seat 1: 190f3f39 (small blind) folded on the Flop
Seat 2: Hero (big blind) folded on the Flop
Seat 3: 152362ae folded before Flop
Seat 5: d647ef25 won (5,430)
Seat 6: efd80563 folded before Flop
Seat 7: 9cf26b9c folded on the Flop
Seat 8: 5c492841 (button) folded before Flop


Poker Hand #TM3542456977: Tournament #156057564, Bounty Hunters Big One $1.08 Hold'em No Limit - Level9(250/500) - 2024/08/02 13:13:06
Table '25' 8-max Seat #7 is the button
Seat 1: 190f3f39 (9,850 in chips)
Seat 2: Hero (30,159 in chips)
Seat 3: 152362ae (56,081 in chips)
Seat 4: 1d0b8583 (6,418 in chips)
Seat 5: d647ef25 (16,526 in chips)
Seat 6: efd80563 (10,000 in chips)
Seat 7: 9cf26b9c (59,644 in chips)
Seat 8: 5c492841 (26,527 in chips)
9cf26b9c: posts the ante 75
1d0b8583: posts the ante 75
190f3f39: posts the ante 75
5c492841: posts the ante 75
d647ef25: posts the ante 75
Hero: posts the ante 75
efd80563: posts the ante 75
152362ae: posts the ante 75
5c492841: posts small blind 250
190f3f39: posts big blind 500
*** HOLE CARDS ***
Dealt to 190f3f39 
Dealt to Hero [6d Qh]
Dealt to 152362ae 
Dealt to 1d0b8583 
Dealt to d647ef25 
Dealt to efd80563 
Dealt to 9cf26b9c 
Dealt to 5c492841 
Hero: folds
152362ae: folds
1d0b8583: raises 5,843 to 6,343 and is all-in
d647ef25: folds
efd80563: raises 3,582 to 9,925 and is all-in
9cf26b9c: folds
5c492841: raises 16,527 to 26,452 and is all-in
190f3f39: folds
Uncalled bet (16,527) returned to 5c492841
5c492841: shows [Jc Ac]
1d0b8583: shows [5d 5c]
efd80563: shows [Td 8d]
*** FLOP *** [9d 2d 2c]
*** TURN *** [9d 2d 2c] [Tc]
*** RIVER *** [9d 2d 2c Tc] [Kd]
*** SHOWDOWN ***
efd80563 collected 20,129 from pot
efd80563 collected 7,164 from pot
*** SUMMARY ***
Total pot 27,293 | Rake 0 | Jackpot 0 | Bingo 0 | Fortune 0 | Tax 0
Board [9d 2d 2c Tc Kd]
Seat 1: 190f3f39 (big blind) folded before Flop
Seat 2: Hero folded before Flop
Seat 3: 152362ae folded before Flop
Seat 4: 1d0b8583 showed [5d 5c] and lost with Pair of Fives and Pair of Twos
Seat 5: d647ef25 folded before Flop
Seat 6: efd80563 showed [Td 8d] and won (27,293) with King High Flush
Seat 7: 9cf26b9c (button) folded before Flop
Seat 8: 5c492841 (small blind) showed [Jc Ac] and lost with Pair of Twos


Poker Hand #TM3542456886: Tournament #156057564, Bounty Hunters Big One $1.08 Hold'em No Limit - Level9(250/500) - 2024/08/02 13:11:08
Table '25' 8-max Seat #5 is the button
Seat 1: 190f3f39 (9,925 in chips)
Seat 2: Hero (30,234 in chips)
Seat 3: 152362ae (56,156 in chips)
Seat 4: 1d0b8583 (7,493 in chips)
Seat 5: d647ef25 (11,938 in chips)
Seat 7: 9cf26b9c (59,969 in chips)
Seat 8: 5c492841 (29,490 in chips)
1d0b8583: posts the ante 75
9cf26b9c: posts the ante 75
190f3f39: posts the ante 75
5c492841: posts the ante 75
d647ef25: posts the ante 75
Hero: posts the ante 75
152362ae: posts the ante 75
9cf26b9c: posts small blind 250
5c492841: posts big blind 500
*** HOLE CARDS ***
Dealt to 190f3f39 
Dealt to Hero [8c 2h]
Dealt to 152362ae 
Dealt to 1d0b8583 
Dealt to d647ef25 
Dealt to 9cf26b9c 
Dealt to 5c492841 
190f3f39: folds
Hero: folds
152362ae: folds
1d0b8583: raises 500 to 1,000
d647ef25: calls 1,000
9cf26b9c: folds
5c492841: calls 500
*** FLOP *** [5h Td 9h]
5c492841: checks
1d0b8583: checks
d647ef25: checks
*** TURN *** [5h Td 9h] [2c]
5c492841: bets 1,888
1d0b8583: folds
d647ef25: calls 1,888
*** RIVER *** [5h Td 9h 2c] [6s]
5c492841: checks
d647ef25: checks
5c492841: shows [Qs Jh] (Queen-High)
d647ef25: shows [4s Ac] (Ace-High)
*** SHOWDOWN ***
d647ef25 collected 7,551 from pot
*** SUMMARY ***
Total pot 7,551 | Rake 0 | Jackpot 0 | Bingo 0 | Fortune 0 | Tax 0
Board [5h Td 9h 2c 6s]
Seat 1: 190f3f39 folded before Flop
Seat 2: Hero folded before Flop
Seat 3: 152362ae folded before Flop
Seat 4: 1d0b8583 folded on the Turn
Seat 5: d647ef25 (button) showed [4s Ac] and won (7,551) with Ace-High
Seat 7: 9cf26b9c (small blind) folded before Flop
Seat 8: 5c492841 (big blind) showed [Qs Jh] and lost with Queen-High


Poker Hand #TM3542456820: Tournament #156057564, Bounty Hunters Big One $1.08 Hold'em No Limit - Level9(250/500) - 2024/08/02 13:09:43
Table '25' 8-max Seat #4 is the button
Seat 1: 190f3f39 (10,000 in chips)
Seat 2: Hero (30,309 in chips)
Seat 3: 152362ae (56,231 in chips)
Seat 4: 1d0b8583 (7,568 in chips)
Seat 5: d647ef25 (12,263 in chips)
Seat 6: d46b7a26 (9,640 in chips)
Seat 7: 9cf26b9c (49,629 in chips)
Seat 8: 5c492841 (29,565 in chips)
1d0b8583: posts the ante 75
9cf26b9c: posts the ante 75
190f3f39: posts the ante 75
5c492841: posts the ante 75
d46b7a26: posts the ante 75
Hero: posts the ante 75
d647ef25: posts the ante 75
152362ae: posts the ante 75
d647ef25: posts small blind 250
d46b7a26: posts big blind 500
*** HOLE CARDS ***
Dealt to 190f3f39 
Dealt to Hero [Kh 4h]
Dealt to 152362ae 
Dealt to 1d0b8583 
Dealt to d647ef25 
Dealt to d46b7a26 
Dealt to 9cf26b9c 
Dealt to 5c492841 
9cf26b9c: raises 500 to 1,000
5c492841: folds
190f3f39: folds
Hero: folds
152362ae: folds
1d0b8583: folds
d647ef25: folds
d46b7a26: calls 500
*** FLOP *** [Js 8d Th]
d46b7a26: checks
9cf26b9c: bets 2,138
d46b7a26: raises 6,427 to 8,565 and is all-in
9cf26b9c: calls 6,427
d46b7a26: shows [Jh 5s] (Pair of Jacks)
9cf26b9c: shows [Ah As] (Pair of Aces)
*** TURN *** [Js 8d Th] [Qh]
*** RIVER *** [Js 8d Th Qh] [8c]
*** SHOWDOWN ***
9cf26b9c collected 19,980 from pot
*** SUMMARY ***
Total pot 19,980 | Rake 0 | Jackpot 0 | Bingo 0 | Fortune 0 | Tax 0
Board [Js 8d Th Qh 8c]
Seat 1: 190f3f39 folded before Flop
Seat 2: Hero folded before Flop
Seat 3: 152362ae folded before Flop
Seat 4: 1d0b8583 (button) folded before Flop
Seat 5: d647ef25 (small blind) folded before Flop
Seat 6: d46b7a26 (big blind) showed [Jh 5s] and lost with Pair of Jacks and Pair of Eights
Seat 7: 9cf26b9c showed [Ah As] and won (19,980) with Pair of Aces and Pair of Eights
Seat 8: 5c492841 folded before Flop


Poker Hand #TM3542456780: Tournament #156057564, Bounty Hunters Big One $1.08 Hold'em No Limit - Level9(250/500) - 2024/08/02 13:08:51
Table '25' 8-max Seat #3 is the button
Seat 2: Hero (30,384 in chips)
Seat 3: 152362ae (55,031 in chips)
Seat 4: 1d0b8583 (7,893 in chips)
Seat 5: d647ef25 (12,838 in chips)
Seat 6: d46b7a26 (9,715 in chips)
Seat 7: 9cf26b9c (49,704 in chips)
Seat 8: 5c492841 (29,640 in chips)
9cf26b9c: posts the ante 75
1d0b8583: posts the ante 75
5c492841: posts the ante 75
d46b7a26: posts the ante 75
Hero: posts the ante 75
d647ef25: posts the ante 75
152362ae: posts the ante 75
1d0b8583: posts small blind 250
d647ef25: posts big blind 500
*** HOLE CARDS ***
Dealt to Hero [Js 6d]
Dealt to 152362ae 
Dealt to 1d0b8583 
Dealt to d647ef25 
Dealt to d46b7a26 
Dealt to 9cf26b9c 
Dealt to 5c492841 
d46b7a26: folds
9cf26b9c: folds
5c492841: folds
Hero: folds
152362ae: raises 1,000 to 1,500
1d0b8583: folds
d647ef25: folds
Uncalled bet (1,000) returned to 152362ae
*** SHOWDOWN ***
152362ae collected 1,775 from pot
*** SUMMARY ***
Total pot 1,775 | Rake 0 | Jackpot 0 | Bingo 0 | Fortune 0 | Tax 0
Seat 2: Hero folded before Flop
Seat 3: 152362ae (button) collected (1,775)
Seat 4: 1d0b8583 (small blind) folded before Flop
Seat 5: d647ef25 (big blind) folded before Flop
Seat 6: d46b7a26 folded before Flop
Seat 7: 9cf26b9c folded before Flop
Seat 8: 5c492841 folded before Flop


Poker Hand #TM3542456691: Tournament #156057564, Bounty Hunters Big One $1.08 Hold'em No Limit - Level9(250/500) - 2024/08/02 13:07:06
Table '25' 8-max Seat #2 is the button
Seat 1: 658230f7 (19,430 in chips)
Seat 2: Hero (30,459 in chips)
Seat 3: 152362ae (55,356 in chips)
Seat 4: 1d0b8583 (8,968 in chips)
Seat 5: d647ef25 (12,913 in chips)
Seat 6: d46b7a26 (9,790 in chips)
Seat 7: 9cf26b9c (49,779 in chips)
Seat 8: 5c492841 (31,986 in chips)
9cf26b9c: posts the ante 75
1d0b8583: posts the ante 75
5c492841: posts the ante 75
d46b7a26: posts the ante 75
Hero: posts the ante 75
d647ef25: posts the ante 75
658230f7: posts the ante 75
152362ae: posts the ante 75
152362ae: posts small blind 250
1d0b8583: posts big blind 500
*** HOLE CARDS ***
Dealt to 658230f7 
Dealt to Hero [As 6d]
Dealt to 152362ae 
Dealt to 1d0b8583 
Dealt to d647ef25 
Dealt to d46b7a26 
Dealt to 9cf26b9c 
Dealt to 5c492841 
d647ef25: folds
d46b7a26: folds
9cf26b9c: folds
5c492841: raises 500 to 1,000
658230f7: calls 1,000
Hero: folds
152362ae: folds
1d0b8583: calls 500
*** FLOP *** [8c Ad 7d]
1d0b8583: checks
5c492841: bets 1,271
658230f7: calls 1,271
1d0b8583: folds
*** TURN *** [8c Ad 7d] [2s]
5c492841: checks
658230f7: checks
*** RIVER *** [8c Ad 7d 2s] [8d]
5c492841: checks
658230f7: bets 2,500
5c492841: folds
Uncalled bet (2,500) returned to 658230f7
*** SHOWDOWN ***
658230f7 collected 6,392 from pot
*** SUMMARY ***
Total pot 6,392 | Rake 0 | Jackpot 0 | Bingo 0 | Fortune 0 | Tax 0
Board [8c Ad 7d 2s 8d]
Seat 1: 658230f7 won (6,392)
Seat 2: Hero (button) folded before Flop
Seat 3: 152362ae (small blind) folded before Flop
Seat 4: 1d0b8583 (big blind) folded on the Flop
Seat 5: d647ef25 folded before Flop
Seat 6: d46b7a26 folded before Flop
Seat 7: 9cf26b9c folded before Flop
Seat 8: 5c492841 folded on the River


Poker Hand #TM3542456644: Tournament #156057564, Bounty Hunters Big One $1.08 Hold'em No Limit - Level9(250/500) - 2024/08/02 13:06:12
Table '25' 8-max Seat #1 is the button
Seat 1: 658230f7 (20,605 in chips)
Seat 2: Hero (31,634 in chips)
Seat 3: 152362ae (52,631 in chips)
Seat 4: 1d0b8583 (9,043 in chips)
Seat 5: d647ef25 (12,988 in chips)
Seat 6: d46b7a26 (9,865 in chips)
Seat 7: 9cf26b9c (49,854 in chips)
Seat 8: 5c492841 (32,061 in chips)
9cf26b9c: posts the ante 75
1d0b8583: posts the ante 75
5c492841: posts the ante 75
d46b7a26: posts the ante 75
d647ef25: posts the ante 75
Hero: posts the ante 75
658230f7: posts the ante 75
152362ae: posts the ante 75
Hero: posts small blind 250
152362ae: posts big blind 500
*** HOLE CARDS ***
Dealt to 658230f7 
Dealt to Hero [3s Qh]
Dealt to 152362ae 
Dealt to 1d0b8583 
Dealt to d647ef25 
Dealt to d46b7a26 
Dealt to 9cf26b9c 
Dealt to 5c492841 
1d0b8583: folds
d647ef25: folds
d46b7a26: folds
9cf26b9c: folds
5c492841: folds
658230f7: raises 600 to 1,100
Hero: calls 850
152362ae: calls 600
*** FLOP *** [4d 2s 8h]
Hero: checks
152362ae: checks
658230f7: checks
*** TURN *** [4d 2s 8h] [7c]
Hero: checks
152362ae: bets 1,287
658230f7: folds
Hero: folds
Uncalled bet (1,287) returned to 152362ae
*** SHOWDOWN ***
152362ae collected 3,900 from pot
*** SUMMARY ***
Total pot 3,900 | Rake 0 | Jackpot 0 | Bingo 0 | Fortune 0 | Tax 0
Board [4d 2s 8h 7c]
Seat 1: 658230f7 (button) folded on the Turn
Seat 2: Hero (small blind) folded on the Turn
Seat 3: 152362ae (big blind) won (3,900)
Seat 4: 1d0b8583 folded before Flop
Seat 5: d647ef25 folded before Flop
Seat 6: d46b7a26 folded before Flop
Seat 7: 9cf26b9c folded before Flop
Seat 8: 5c492841 folded before Flop


Poker Hand #TM3542456571: Tournament #156057564, Bounty Hunters Big One $1.08 Hold'em No Limit - Level9(250/500) - 2024/08/02 13:04:44
Table '25' 8-max Seat #8 is the button
Seat 1: 658230f7 (20,930 in chips)
Seat 2: Hero (15,467 in chips)
Seat 3: 152362ae (68,098 in chips)
Seat 4: 1d0b8583 (9,118 in chips)
Seat 5: d647ef25 (13,063 in chips)
Seat 6: d46b7a26 (9,940 in chips)
Seat 7: 9cf26b9c (49,929 in chips)
Seat 8: 5c492841 (32,136 in chips)
9cf26b9c: posts the ante 75
1d0b8583: posts the ante 75
5c492841: posts the ante 75
d46b7a26: posts the ante 75
d647ef25: posts the ante 75
Hero: posts the ante 75
152362ae: posts the ante 75
658230f7: posts the ante 75
658230f7: posts small blind 250
Hero: posts big blind 500
*** HOLE CARDS ***
Dealt to 658230f7 
Dealt to Hero [3s 5h]
Dealt to 152362ae 
Dealt to 1d0b8583 
Dealt to d647ef25 
Dealt to d46b7a26 
Dealt to 9cf26b9c 
Dealt to 5c492841 
152362ae: raises 550 to 1,050
1d0b8583: folds
d647ef25: folds
d46b7a26: folds
9cf26b9c: folds
5c492841: folds
658230f7: folds
Hero: calls 550
*** FLOP *** [9d 5c 6c]
Hero: checks
152362ae: bets 500
Hero: raises 1,304 to 1,804
152362ae: raises 3,279 to 5,083
Hero: raises 9,259 to 14,342 and is all-in
152362ae: calls 9,259
Hero: shows [3s 5h] (Pair of Fives)
152362ae: shows [Ad Ah] (Pair of Aces)
*** TURN *** [9d 5c 6c] [9s]
*** RIVER *** [9d 5c 6c 9s] [5s]
*** SHOWDOWN ***
Hero collected 31,634 from pot
*** SUMMARY ***
Total pot 31,634 | Rake 0 | Jackpot 0 | Bingo 0 | Fortune 0 | Tax 0
Board [9d 5c 6c 9s 5s]
Seat 1: 658230f7 (small blind) folded before Flop
Seat 2: Hero (big blind) showed [3s 5h] and won (31,634) with Fives Full over Nines
Seat 3: 152362ae showed [Ad Ah] and lost with Pair of Aces and Pair of Nines
Seat 4: 1d0b8583 folded before Flop
Seat 5: d647ef25 folded before Flop
Seat 6: d46b7a26 folded before Flop
Seat 7: 9cf26b9c folded before Flop
Seat 8: 5c492841 (button) folded before Flop


Poker Hand #TM3542456526: Tournament #156057564, Bounty Hunters Big One $1.08 Hold'em No Limit - Level8(200/400) - 2024/08/02 13:03:39
Table '25' 8-max Seat #7 is the button
Seat 1: 658230f7 (21,390 in chips)
Seat 2: Hero (19,546 in chips)
Seat 3: 152362ae (68,158 in chips)
Seat 4: 1d0b8583 (4,079 in chips)
Seat 5: d647ef25 (13,123 in chips)
Seat 6: d46b7a26 (10,000 in chips)
Seat 7: 9cf26b9c (49,989 in chips)
Seat 8: 5c492841 (32,396 in chips)
9cf26b9c: posts the ante 60
1d0b8583: posts the ante 60
d46b7a26: posts the ante 60
5c492841: posts the ante 60
d647ef25: posts the ante 60
Hero: posts the ante 60
152362ae: posts the ante 60
658230f7: posts the ante 60
5c492841: posts small blind 200
658230f7: posts big blind 400
*** HOLE CARDS ***
Dealt to 658230f7 
Dealt to Hero [Qc Ac]
Dealt to 152362ae 
Dealt to 1d0b8583 
Dealt to d647ef25 
Dealt to d46b7a26 
Dealt to 9cf26b9c 
Dealt to 5c492841 
Hero: raises 600 to 1,000
152362ae: folds
1d0b8583: raises 3,019 to 4,019 and is all-in
d647ef25: folds
d46b7a26: folds
9cf26b9c: folds
5c492841: folds
658230f7: folds
Hero: calls 3,019
1d0b8583: shows [Jd Js]
Hero: shows [Qc Ac]
*** FLOP *** [2h 4d Jh]
*** TURN *** [2h 4d Jh] [4c]
*** RIVER *** [2h 4d Jh 4c] [4h]
152362ae: shows [Qs] (Three Fours)
*** SHOWDOWN ***
1d0b8583 collected 9,118 from pot
*** SUMMARY ***
Total pot 9,118 | Rake 0 | Jackpot 0 | Bingo 0 | Fortune 0 | Tax 0
Board [2h 4d Jh 4c 4h]
Seat 1: 658230f7 (big blind) folded before Flop
Seat 2: Hero showed [Qc Ac] and lost with Three Fours
Seat 3: 152362ae folded before Flop
Seat 4: 1d0b8583 showed [Jd Js] and won (9,118) with Jacks Full over Fours
Seat 5: d647ef25 folded before Flop
Seat 6: d46b7a26 folded before Flop
Seat 7: 9cf26b9c (button) folded before Flop
Seat 8: 5c492841 (small blind) folded before Flop


Poker Hand #TM3542456487: Tournament #156057564, Bounty Hunters Big One $1.08 Hold'em No Limit - Level8(200/400) - 2024/08/02 13:02:49
Table '25' 8-max Seat #5 is the button
Seat 1: 658230f7 (21,450 in chips)
Seat 2: Hero (20,406 in chips)
Seat 3: 152362ae (68,218 in chips)
Seat 4: 1d0b8583 (4,139 in chips)
Seat 5: d647ef25 (13,183 in chips)
Seat 6: 2dde7081 (10,332 in chips)
Seat 7: 9cf26b9c (50,449 in chips)
Seat 8: 5c492841 (20,504 in chips)
1d0b8583: posts the ante 60
9cf26b9c: posts the ante 60
5c492841: posts the ante 60
2dde7081: posts the ante 60
d647ef25: posts the ante 60
Hero: posts the ante 60
152362ae: posts the ante 60
658230f7: posts the ante 60
2dde7081: posts small blind 200
9cf26b9c: posts big blind 400
*** HOLE CARDS ***
Dealt to 658230f7 
Dealt to Hero [Kh Qs]
Dealt to 152362ae 
Dealt to 1d0b8583 
Dealt to d647ef25 
Dealt to 2dde7081 
Dealt to 9cf26b9c 
Dealt to 5c492841 
5c492841: raises 400 to 800
658230f7: folds
Hero: calls 800
152362ae: folds
1d0b8583: folds
d647ef25: folds
2dde7081: raises 9,472 to 10,272 and is all-in
9cf26b9c: folds
5c492841: raises 10,172 to 20,444 and is all-in
Hero: folds
Uncalled bet (10,172) returned to 5c492841
5c492841: shows [Qc Qd]
2dde7081: shows [Js Jh]
*** FLOP *** [9c 4d Ts]
*** TURN *** [9c 4d Ts] [8d]
*** RIVER *** [9c 4d Ts 8d] [6d]
*** SHOWDOWN ***
5c492841 collected 22,224 from pot
*** SUMMARY ***
Total pot 22,224 | Rake 0 | Jackpot 0 | Bingo 0 | Fortune 0 | Tax 0
Board [9c 4d Ts 8d 6d]
Seat 1: 658230f7 folded before Flop
Seat 2: Hero folded before Flop
Seat 3: 152362ae folded before Flop
Seat 4: 1d0b8583 folded before Flop
Seat 5: d647ef25 (button) folded before Flop
Seat 6: 2dde7081 (small blind) showed [Js Jh] and lost with Pair of Jacks
Seat 7: 9cf26b9c (big blind) folded before Flop
Seat 8: 5c492841 showed [Qc Qd] and won (22,224) with Pair of Queens


Poker Hand #TM3542456456: Tournament #156057564, Bounty Hunters Big One $1.08 Hold'em No Limit - Level8(200/400) - 2024/08/02 13:01:39
Table '25' 8-max Seat #4 is the button
Seat 1: 658230f7 (21,510 in chips)
Seat 2: Hero (20,466 in chips)
Seat 3: 152362ae (68,278 in chips)
Seat 4: 1d0b8583 (4,199 in chips)
Seat 5: d647ef25 (13,443 in chips)
Seat 6: 2dde7081 (4,886 in chips)
Seat 7: 9cf26b9c (50,509 in chips)
Seat 8: 5c492841 (25,390 in chips)
1d0b8583: posts the ante 60
9cf26b9c: posts the ante 60
5c492841: posts the ante 60
2dde7081: posts the ante 60
Hero: posts the ante 60
d647ef25: posts the ante 60
152362ae: posts the ante 60
658230f7: posts the ante 60
d647ef25: posts small blind 200
2dde7081: posts big blind 400
*** HOLE CARDS ***
Dealt to 658230f7 
Dealt to Hero [Jh 8s]
Dealt to 152362ae 
Dealt to 1d0b8583 
Dealt to d647ef25 
Dealt to 2dde7081 
Dealt to 9cf26b9c 
Dealt to 5c492841 
9cf26b9c: folds
5c492841: raises 400 to 800
658230f7: folds
Hero: folds
152362ae: folds
1d0b8583: folds
d647ef25: folds
2dde7081: calls 400
*** FLOP *** [3d Kh Jd]
2dde7081: bets 4,026 and is all-in
5c492841: calls 4,026
2dde7081: shows [Js 4s] (Pair of Jacks)
5c492841: shows [9h Qh] (King-High)
*** TURN *** [3d Kh Jd] [Ah]
*** RIVER *** [3d Kh Jd Ah] [2s]
*** SHOWDOWN ***
2dde7081 collected 10,332 from pot
*** SUMMARY ***
Total pot 10,332 | Rake 0 | Jackpot 0 | Bingo 0 | Fortune 0 | Tax 0
Board [3d Kh Jd Ah 2s]
Seat 1: 658230f7 folded before Flop
Seat 2: Hero folded before Flop
Seat 3: 152362ae folded before Flop
Seat 4: 1d0b8583 (button) folded before Flop
Seat 5: d647ef25 (small blind) folded before Flop
Seat 6: 2dde7081 (big blind) showed [Js 4s] and won (10,332) with Pair of Jacks
Seat 7: 9cf26b9c folded before Flop
Seat 8: 5c492841 showed [9h Qh] and lost with Ace-High


Poker Hand #TM3542456386: Tournament #156057564, Bounty Hunters Big One $1.08 Hold'em No Limit - Level8(200/400) - 2024/08/02 12:54:06
Table '25' 8-max Seat #3 is the button
Seat 1: 658230f7 (21,570 in chips)
Seat 2: Hero (20,526 in chips)
Seat 3: 152362ae (60,158 in chips)
Seat 4: 1d0b8583 (4,459 in chips)
Seat 5: d647ef25 (13,903 in chips)
Seat 6: 2dde7081 (4,946 in chips)
Seat 7: 9cf26b9c (57,669 in chips)
Seat 8: 5c492841 (25,450 in chips)
9cf26b9c: posts the ante 60
1d0b8583: posts the ante 60
5c492841: posts the ante 60
2dde7081: posts the ante 60
Hero: posts the ante 60
d647ef25: posts the ante 60
152362ae: posts the ante 60
658230f7: posts the ante 60
1d0b8583: posts small blind 200
d647ef25: posts big blind 400
*** HOLE CARDS ***
Dealt to 658230f7 
Dealt to Hero [Jd 8s]
Dealt to 152362ae 
Dealt to 1d0b8583 
Dealt to d647ef25 
Dealt to 2dde7081 
Dealt to 9cf26b9c 
Dealt to 5c492841 
2dde7081: folds
9cf26b9c: raises 400 to 800
5c492841: folds
658230f7: folds
Hero: folds
152362ae: raises 2,280 to 3,080
1d0b8583: folds
d647ef25: folds
9cf26b9c: calls 2,280
*** FLOP *** [7s 6c Tc]
9cf26b9c: checks
152362ae: bets 4,020
9cf26b9c: calls 4,020
*** TURN *** [7s 6c Tc] [9h]
9cf26b9c: checks
152362ae: bets 11,460
9cf26b9c: folds
Uncalled bet (11,460) returned to 152362ae
9cf26b9c: shows [Kh Qs] (King-High)
*** SHOWDOWN ***
152362ae collected 15,280 from pot
*** SUMMARY ***
Total pot 15,280 | Rake 0 | Jackpot 0 | Bingo 0 | Fortune 0 | Tax 0
Board [7s 6c Tc 9h]
Seat 1: 658230f7 folded before Flop
Seat 2: Hero folded before Flop
Seat 3: 152362ae (button) won (15,280)
Seat 4: 1d0b8583 (small blind) folded before Flop
Seat 5: d647ef25 (big blind) folded before Flop
Seat 6: 2dde7081 folded before Flop
Seat 7: 9cf26b9c folded on the Turn
Seat 8: 5c492841 folded before Flop


Poker Hand #TM3542456342: Tournament #156057564, Bounty Hunters Big One $1.08 Hold'em No Limit - Level8(200/400) - 2024/08/02 12:53:10
Table '25' 8-max Seat #2 is the button
Seat 1: 658230f7 (21,630 in chips)
Seat 2: Hero (19,106 in chips)
Seat 3: 152362ae (60,418 in chips)
Seat 4: 1d0b8583 (5,319 in chips)
Seat 5: d647ef25 (13,963 in chips)
Seat 6: 2dde7081 (5,006 in chips)
Seat 7: 9cf26b9c (57,729 in chips)
Seat 8: 5c492841 (25,510 in chips)
9cf26b9c: posts the ante 60
1d0b8583: posts the ante 60
5c492841: posts the ante 60
2dde7081: posts the ante 60
Hero: posts the ante 60
d647ef25: posts the ante 60
658230f7: posts the ante 60
152362ae: posts the ante 60
152362ae: posts small blind 200
1d0b8583: posts big blind 400
*** HOLE CARDS ***
Dealt to 658230f7 
Dealt to Hero [5s Ac]
Dealt to 152362ae 
Dealt to 1d0b8583 
Dealt to d647ef25 
Dealt to 2dde7081 
Dealt to 9cf26b9c 
Dealt to 5c492841 
d647ef25: folds
2dde7081: folds
9cf26b9c: folds
5c492841: folds
658230f7: folds
Hero: raises 400 to 800
152362ae: folds
1d0b8583: calls 400
*** FLOP *** [Kd Td Ah]
1d0b8583: checks
Hero: bets 1,140
1d0b8583: folds
Uncalled bet (1,140) returned to Hero
*** SHOWDOWN ***
Hero collected 2,280 from pot
*** SUMMARY ***
Total pot 2,280 | Rake 0 | Jackpot 0 | Bingo 0 | Fortune 0 | Tax 0
Board [Kd Td Ah]
Seat 1: 658230f7 folded before Flop
Seat 2: Hero (button) won (2,280)
Seat 3: 152362ae (small blind) folded before Flop
Seat 4: 1d0b8583 (big blind) folded on the Flop
Seat 5: d647ef25 folded before Flop
Seat 6: 2dde7081 folded before Flop
Seat 7: 9cf26b9c folded before Flop
Seat 8: 5c492841 folded before Flop


Poker Hand #TM3542456297: Tournament #156057564, Bounty Hunters Big One $1.08 Hold'em No Limit - Level8(200/400) - 2024/08/02 12:52:02
Table '25' 8-max Seat #1 is the button
Seat 1: 658230f7 (21,690 in chips)
Seat 2: Hero (19,366 in chips)
Seat 3: 152362ae (57,581 in chips)
Seat 4: 1d0b8583 (5,379 in chips)
Seat 5: d647ef25 (14,023 in chips)
Seat 6: 2dde7081 (7,283 in chips)
Seat 7: 9cf26b9c (57,789 in chips)
Seat 8: 5c492841 (25,570 in chips)
9cf26b9c: posts the ante 60
1d0b8583: posts the ante 60
5c492841: posts the ante 60
2dde7081: posts the ante 60
d647ef25: posts the ante 60
Hero: posts the ante 60
658230f7: posts the ante 60
152362ae: posts the ante 60
Hero: posts small blind 200
152362ae: posts big blind 400
*** HOLE CARDS ***
Dealt to 658230f7 
Dealt to Hero [4d 6c]
Dealt to 152362ae 
Dealt to 1d0b8583 
Dealt to d647ef25 
Dealt to 2dde7081 
Dealt to 9cf26b9c 
Dealt to 5c492841 
1d0b8583: folds
d647ef25: folds
2dde7081: raises 800 to 1,200
9cf26b9c: folds
5c492841: folds
658230f7: folds
Hero: folds
152362ae: calls 800
*** FLOP *** [Jh 8d 5c]
152362ae: checks
2dde7081: checks
*** TURN *** [Jh 8d 5c] [Kh]
152362ae: checks
2dde7081: bets 1,017
152362ae: calls 1,017
*** RIVER *** [Jh 8d 5c Kh] [3s]
152362ae: checks
2dde7081: checks
152362ae: shows [6s 6h] (Pair of Sixes)
2dde7081: shows [Qc Ac] (Ace-High)
*** SHOWDOWN ***
152362ae collected 5,114 from pot
*** SUMMARY ***
Total pot 5,114 | Rake 0 | Jackpot 0 | Bingo 0 | Fortune 0 | Tax 0
Board [Jh 8d 5c Kh 3s]
Seat 1: 658230f7 (button) folded before Flop
Seat 2: Hero (small blind) folded before Flop
Seat 3: 152362ae (big blind) showed [6s 6h] and won (5,114) with Pair of Sixes
Seat 4: 1d0b8583 folded before Flop
Seat 5: d647ef25 folded before Flop
Seat 6: 2dde7081 showed [Qc Ac] and lost with Ace-High
Seat 7: 9cf26b9c folded before Flop
Seat 8: 5c492841 folded before Flop


Poker Hand #TM3542456276: Tournament #156057564, Bounty Hunters Big One $1.08 Hold'em No Limit - Level8(200/400) - 2024/08/02 12:51:34
Table '25' 8-max Seat #8 is the button
Seat 1: 658230f7 (21,950 in chips)
Seat 2: Hero (19,826 in chips)
Seat 3: 152362ae (57,641 in chips)
Seat 4: 1d0b8583 (5,439 in chips)
Seat 5: d647ef25 (14,083 in chips)
Seat 6: 2dde7081 (6,263 in chips)
Seat 7: 9cf26b9c (57,849 in chips)
Seat 8: 5c492841 (25,630 in chips)
9cf26b9c: posts the ante 60
1d0b8583: posts the ante 60
5c492841: posts the ante 60
2dde7081: posts the ante 60
d647ef25: posts the ante 60
Hero: posts the ante 60
152362ae: posts the ante 60
658230f7: posts the ante 60
658230f7: posts small blind 200
Hero: posts big blind 400
*** HOLE CARDS ***
Dealt to 658230f7 
Dealt to Hero [3h 6s]
Dealt to 152362ae 
Dealt to 1d0b8583 
Dealt to d647ef25 
Dealt to 2dde7081 
Dealt to 9cf26b9c 
Dealt to 5c492841 
152362ae: folds
1d0b8583: folds
d647ef25: folds
2dde7081: raises 5,803 to 6,203 and is all-in
9cf26b9c: folds
5c492841: folds
658230f7: folds
Hero: folds
Uncalled bet (5,803) returned to 2dde7081
*** SHOWDOWN ***
2dde7081 collected 1,480 from pot
*** SUMMARY ***
Total pot 1,480 | Rake 0 | Jackpot 0 | Bingo 0 | Fortune 0 | Tax 0
Seat 1: 658230f7 (small blind) folded before Flop
Seat 2: Hero (big blind) folded before Flop
Seat 3: 152362ae folded before Flop
Seat 4: 1d0b8583 folded before Flop
Seat 5: d647ef25 folded before Flop
Seat 6: 2dde7081 collected (1,480)
Seat 7: 9cf26b9c folded before Flop
Seat 8: 5c492841 (button) folded before Flop


Poker Hand #TM3542619307: Tournament #156057564, Bounty Hunters Big One $1.08 Hold'em No Limit - Level8(200/400) - 2024/08/02 12:50:57
Table '119' 8-max Seat #7 is the button
Seat 1: 57672112 (54,187 in chips)
Seat 2: 7b08d76f (24,328 in chips)
Seat 3: 15698134 (10,000 in chips)
Seat 4: Hero (19,886 in chips)
Seat 5: d2ee73cf (6,532 in chips)
Seat 6: 14e9b795 (9,880 in chips)
Seat 7: 528b5658 (17,378 in chips)
Seat 8: cce6f87 (46,307 in chips)
14e9b795: posts the ante 60
57672112: posts the ante 60
15698134: posts the ante 60
7b08d76f: posts the ante 60
528b5658: posts the ante 60
d2ee73cf: posts the ante 60
Hero: posts the ante 60
cce6f87: posts the ante 60
cce6f87: posts small blind 200
57672112: posts big blind 400
*** HOLE CARDS ***
Dealt to 57672112 
Dealt to 7b08d76f 
Dealt to 15698134 
Dealt to Hero [6c 2h]
Dealt to d2ee73cf 
Dealt to 14e9b795 
Dealt to 528b5658 
Dealt to cce6f87 
7b08d76f: folds
15698134: folds
Hero: folds
d2ee73cf: raises 6,072 to 6,472 and is all-in
14e9b795: folds
528b5658: raises 10,846 to 17,318 and is all-in
cce6f87: folds
57672112: calls 16,918
528b5658: shows [Qc Ah]
57672112: shows [Th Qh]
d2ee73cf: shows [8s 8c]
*** FLOP *** [Ks Ad 4h]
*** TURN *** [Ks Ad 4h] [3h]
*** RIVER *** [Ks Ad 4h 3h] [Jh]
*** SHOWDOWN ***
57672112 collected 20,096 from pot
57672112 collected 21,692 from pot
*** SUMMARY ***
Total pot 41,788 | Rake 0 | Jackpot 0 | Bingo 0 | Fortune 0 | Tax 0
Board [Ks Ad 4h 3h Jh]
Seat 1: 57672112 (big blind) showed [Th Qh] and won (41,788) with Queen High Flush
Seat 2: 7b08d76f folded before Flop
Seat 3: 15698134 folded before Flop
Seat 4: Hero folded before Flop
Seat 5: d2ee73cf showed [8s 8c] and lost with Pair of Eights
Seat 6: 14e9b795 folded before Flop
Seat 7: 528b5658 (button) showed [Qc Ah] and lost with Pair of Aces
Seat 8: cce6f87 (small blind) folded before Flop


Poker Hand #TM3542619280: Tournament #156057564, Bounty Hunters Big One $1.08 Hold'em No Limit - Level8(200/400) - 2024/08/02 12:50:22
Table '119' 8-max Seat #5 is the button
Seat 1: 57672112 (55,128 in chips)
Seat 2: 7b08d76f (24,388 in chips)
Seat 4: Hero (20,827 in chips)
Seat 5: d2ee73cf (6,592 in chips)
Seat 7: 528b5658 (17,638 in chips)
Seat 8: cce6f87 (44,045 in chips)
57672112: posts the ante 60
7b08d76f: posts the ante 60
528b5658: posts the ante 60
d2ee73cf: posts the ante 60
Hero: posts the ante 60
cce6f87: posts the ante 60
528b5658: posts small blind 200
cce6f87: posts big blind 400
*** HOLE CARDS ***
Dealt to 57672112 
Dealt to 7b08d76f 
Dealt to Hero [8d 9d]
Dealt to d2ee73cf 
Dealt to 528b5658 
Dealt to cce6f87 
57672112: raises 481 to 881
7b08d76f: folds
Hero: calls 881
d2ee73cf: folds
528b5658: folds
cce6f87: raises 43,104 to 43,985 and is all-in
57672112: folds
Hero: folds
Uncalled bet (43,104) returned to cce6f87
cce6f87: shows [Ac Jc]
*** SHOWDOWN ***
cce6f87 collected 3,203 from pot
*** SUMMARY ***
Total pot 3,203 | Rake 0 | Jackpot 0 | Bingo 0 | Fortune 0 | Tax 0
Seat 1: 57672112 folded before Flop
Seat 2: 7b08d76f folded before Flop
Seat 4: Hero folded before Flop
Seat 5: d2ee73cf (button) folded before Flop
Seat 7: 528b5658 (small blind) folded before Flop
Seat 8: cce6f87 (big blind) showed [Ac Jc] and collected (3,203)


Poker Hand #TM3542619221: Tournament #156057564, Bounty Hunters Big One $1.08 Hold'em No Limit - Level8(200/400) - 2024/08/02 12:49:04
Table '119' 8-max Seat #4 is the button
Seat 1: 57672112 (23,708 in chips)
Seat 2: 7b08d76f (24,448 in chips)
Seat 3: 81f11d4e (21,530 in chips)
Seat 4: Hero (20,887 in chips)
Seat 5: d2ee73cf (6,852 in chips)
Seat 6: 857c61fc (9,390 in chips)
Seat 7: 528b5658 (17,698 in chips)
Seat 8: cce6f87 (44,105 in chips)
81f11d4e: posts the ante 60
57672112: posts the ante 60
857c61fc: posts the ante 60
7b08d76f: posts the ante 60
528b5658: posts the ante 60
Hero: posts the ante 60
cce6f87: posts the ante 60
d2ee73cf: posts the ante 60
d2ee73cf: posts small blind 200
857c61fc: posts big blind 400
*** HOLE CARDS ***
Dealt to 57672112 
Dealt to 7b08d76f 
Dealt to 81f11d4e 
Dealt to Hero [2h Td]
Dealt to d2ee73cf 
Dealt to 857c61fc 
Dealt to 528b5658 
Dealt to cce6f87 
528b5658: folds
cce6f87: folds
57672112: raises 481 to 881
7b08d76f: folds
81f11d4e: calls 881
Hero: folds
d2ee73cf: folds
857c61fc: raises 8,449 to 9,330 and is all-in
57672112: calls 8,449
81f11d4e: raises 12,140 to 21,470 and is all-in
57672112: calls 12,140
81f11d4e: shows [8d 8s]
857c61fc: shows [Ad Kh]
57672112: shows [Kd Th]
*** FLOP *** [4h Ts Kc]
*** TURN *** [4h Ts Kc] [7h]
*** RIVER *** [4h Ts Kc 7h] [6h]
*** SHOWDOWN ***
57672112 collected 28,670 from pot
57672112 collected 24,280 from pot
*** SUMMARY ***
Total pot 52,950 | Rake 0 | Jackpot 0 | Bingo 0 | Fortune 0 | Tax 0
Board [4h Ts Kc 7h 6h]
Seat 1: 57672112 showed [Kd Th] and won (52,950) with Pair of Kings and Pair of Tens
Seat 2: 7b08d76f folded before Flop
Seat 3: 81f11d4e showed [8d 8s] and lost with Pair of Eights
Seat 4: Hero (button) folded before Flop
Seat 5: d2ee73cf (small blind) folded before Flop
Seat 6: 857c61fc (big blind) showed [Ad Kh] and lost with Pair of Kings
Seat 7: 528b5658 folded before Flop
Seat 8: cce6f87 folded before Flop


Poker Hand #TM3542619182: Tournament #156057564, Bounty Hunters Big One $1.08 Hold'em No Limit - Level8(200/400) - 2024/08/02 12:48:12
Table '119' 8-max Seat #3 is the button
Seat 1: 57672112 (32,488 in chips)
Seat 2: 7b08d76f (24,508 in chips)
Seat 3: 81f11d4e (21,590 in chips)
Seat 4: Hero (21,347 in chips)
Seat 5: d2ee73cf (7,312 in chips)
Seat 6: 857c61fc (9,450 in chips)
Seat 7: 528b5658 (17,758 in chips)
Seat 8: cce6f87 (34,165 in chips)
81f11d4e: posts the ante 60
57672112: posts the ante 60
857c61fc: posts the ante 60
7b08d76f: posts the ante 60
528b5658: posts the ante 60
cce6f87: posts the ante 60
d2ee73cf: posts the ante 60
Hero: posts the ante 60
Hero: posts small blind 200
d2ee73cf: posts big blind 400
*** HOLE CARDS ***
Dealt to 57672112 
Dealt to 7b08d76f 
Dealt to 81f11d4e 
Dealt to Hero [5d Qs]
Dealt to d2ee73cf 
Dealt to 857c61fc 
Dealt to 528b5658 
Dealt to cce6f87 
857c61fc: folds
528b5658: folds
cce6f87: calls 400
57672112: calls 400
7b08d76f: folds
81f11d4e: folds
Hero: calls 200
d2ee73cf: checks
*** FLOP *** [Kh 6s 8s]
Hero: checks
d2ee73cf: checks
cce6f87: checks
57672112: checks
*** TURN *** [Kh 6s 8s] [Td]
Hero: checks
d2ee73cf: checks
cce6f87: bets 2,080
57672112: calls 2,080
Hero: folds
d2ee73cf: folds
*** RIVER *** [Kh 6s 8s Td] [2c]
cce6f87: bets 6,240
57672112: calls 6,240
cce6f87: shows [7h 9h] (Tens-High Straight)
57672112: shows [Jd Tc] (Pair of Tens)
*** SHOWDOWN ***
cce6f87 collected 18,720 from pot
*** SUMMARY ***
Total pot 18,720 | Rake 0 | Jackpot 0 | Bingo 0 | Fortune 0 | Tax 0
Board [Kh 6s 8s Td 2c]
Seat 1: 57672112 showed [Jd Tc] and lost with Pair of Tens
Seat 2: 7b08d76f folded before Flop
Seat 3: 81f11d4e (button) folded before Flop
Seat 4: Hero (small blind) folded on the Turn
Seat 5: d2ee73cf (big blind) folded on the Turn
Seat 6: 857c61fc folded before Flop
Seat 7: 528b5658 folded before Flop
Seat 8: cce6f87 showed [7h 9h] and won (18,720) with Tens-High Straight


Poker Hand #TM3542619161: Tournament #156057564, Bounty Hunters Big One $1.08 Hold'em No Limit - Level8(200/400) - 2024/08/02 12:47:41
Table '119' 8-max Seat #2 is the button
Seat 1: 57672112 (33,748 in chips)
Seat 2: 7b08d76f (24,568 in chips)
Seat 3: 81f11d4e (21,850 in chips)
Seat 4: Hero (21,807 in chips)
Seat 5: d2ee73cf (7,372 in chips)
Seat 6: 857c61fc (9,510 in chips)
Seat 7: 528b5658 (17,818 in chips)
Seat 8: cce6f87 (31,945 in chips)
57672112: posts the ante 60
81f11d4e: posts the ante 60
857c61fc: posts the ante 60
7b08d76f: posts the ante 60
528b5658: posts the ante 60
cce6f87: posts the ante 60
d2ee73cf: posts the ante 60
Hero: posts the ante 60
81f11d4e: posts small blind 200
Hero: posts big blind 400
*** HOLE CARDS ***
Dealt to 57672112 
Dealt to 7b08d76f 
Dealt to 81f11d4e 
Dealt to Hero [3s Jd]
Dealt to d2ee73cf 
Dealt to 857c61fc 
Dealt to 528b5658 
Dealt to cce6f87 
d2ee73cf: folds
857c61fc: folds
528b5658: folds
cce6f87: calls 400
57672112: raises 800 to 1,200
7b08d76f: folds
81f11d4e: folds
Hero: folds
cce6f87: calls 800
*** FLOP *** [3h 3c Ts]
cce6f87: checks
57672112: checks
*** TURN *** [3h 3c Ts] [Ad]
cce6f87: bets 3,480
57672112: folds
Uncalled bet (3,480) returned to cce6f87
cce6f87: shows [4c 7c] (Pair of Treys)
*** SHOWDOWN ***
cce6f87 collected 3,480 from pot
*** SUMMARY ***
Total pot 3,480 | Rake 0 | Jackpot 0 | Bingo 0 | Fortune 0 | Tax 0
Board [3h 3c Ts Ad]
Seat 1: 57672112 folded on the Turn
Seat 2: 7b08d76f (button) folded before Flop
Seat 3: 81f11d4e (small blind) folded before Flop
Seat 4: Hero (big blind) folded before Flop
Seat 5: d2ee73cf folded before Flop
Seat 6: 857c61fc folded before Flop
Seat 7: 528b5658 folded before Flop
Seat 8: cce6f87 showed [4c 7c] and won (3,480)


Poker Hand #TM3542619122: Tournament #156057564, Bounty Hunters Big One $1.08 Hold'em No Limit - Level7(175/350) - 2024/08/02 12:46:52
Table '119' 8-max Seat #1 is the button
Seat 1: 57672112 (34,673 in chips)
Seat 2: 7b08d76f (24,793 in chips)
Seat 3: 81f11d4e (18,700 in chips)
Seat 4: Hero (22,732 in chips)
Seat 5: d2ee73cf (7,422 in chips)
Seat 6: 857c61fc (9,560 in chips)
Seat 7: 528b5658 (17,868 in chips)
Seat 8: cce6f87 (32,870 in chips)
57672112: posts the ante 50
81f11d4e: posts the ante 50
857c61fc: posts the ante 50
7b08d76f: posts the ante 50
528b5658: posts the ante 50
cce6f87: posts the ante 50
d2ee73cf: posts the ante 50
Hero: posts the ante 50
7b08d76f: posts small blind 175
81f11d4e: posts big blind 350
*** HOLE CARDS ***
Dealt to 57672112 
Dealt to 7b08d76f 
Dealt to 81f11d4e 
Dealt to Hero [8c 9c]
Dealt to d2ee73cf 
Dealt to 857c61fc 
Dealt to 528b5658 
Dealt to cce6f87 
Hero: raises 525 to 875
d2ee73cf: folds
857c61fc: folds
528b5658: folds
cce6f87: calls 875
57672112: calls 875
7b08d76f: folds
81f11d4e: raises 17,775 to 18,650 and is all-in
Hero: folds
cce6f87: folds
57672112: folds
Uncalled bet (17,775) returned to 81f11d4e
*** SHOWDOWN ***
81f11d4e collected 4,075 from pot
*** SUMMARY ***
Total pot 4,075 | Rake 0 | Jackpot 0 | Bingo 0 | Fortune 0 | Tax 0
Seat 1: 57672112 (button) folded before Flop
Seat 2: 7b08d76f (small blind) folded before Flop
Seat 3: 81f11d4e (big blind) collected (4,075)
Seat 4: Hero folded before Flop
Seat 5: d2ee73cf folded before Flop
Seat 6: 857c61fc folded before Flop
Seat 7: 528b5658 folded before Flop
Seat 8: cce6f87 folded before Flop


Poker Hand #TM3542619111: Tournament #156057564, Bounty Hunters Big One $1.08 Hold'em No Limit - Level7(175/350) - 2024/08/02 12:46:38
Table '119' 8-max Seat #8 is the button
Seat 1: 57672112 (34,898 in chips)
Seat 2: 7b08d76f (24,268 in chips)
Seat 3: 81f11d4e (18,750 in chips)
Seat 4: Hero (22,782 in chips)
Seat 5: d2ee73cf (7,472 in chips)
Seat 6: 857c61fc (9,610 in chips)
Seat 7: 528b5658 (17,918 in chips)
Seat 8: cce6f87 (32,920 in chips)
81f11d4e: posts the ante 50
57672112: posts the ante 50
857c61fc: posts the ante 50
7b08d76f: posts the ante 50
528b5658: posts the ante 50
cce6f87: posts the ante 50
d2ee73cf: posts the ante 50
Hero: posts the ante 50
57672112: posts small blind 175
7b08d76f: posts big blind 350
*** HOLE CARDS ***
Dealt to 57672112 
Dealt to 7b08d76f 
Dealt to 81f11d4e 
Dealt to Hero [Js 2h]
Dealt to d2ee73cf 
Dealt to 857c61fc 
Dealt to 528b5658 
Dealt to cce6f87 
81f11d4e: folds
Hero: folds
d2ee73cf: folds
857c61fc: folds
528b5658: folds
cce6f87: folds
57672112: folds
Uncalled bet (175) returned to 7b08d76f
*** SHOWDOWN ***
7b08d76f collected 750 from pot
*** SUMMARY ***
Total pot 750 | Rake 0 | Jackpot 0 | Bingo 0 | Fortune 0 | Tax 0
Seat 1: 57672112 (small blind) folded before Flop
Seat 2: 7b08d76f (big blind) collected (750)
Seat 3: 81f11d4e folded before Flop
Seat 4: Hero folded before Flop
Seat 5: d2ee73cf folded before Flop
Seat 6: 857c61fc folded before Flop
Seat 7: 528b5658 folded before Flop
Seat 8: cce6f87 (button) folded before Flop


Poker Hand #TM3542329065: Tournament #156057564, Bounty Hunters Big One $1.08 Hold'em No Limit - Level7(175/350) - 2024/08/02 12:45:30
Table '119' 8-max Seat #7 is the button
Seat 1: 57672112 (35,298 in chips)
Seat 2: 7b08d76f (25,481 in chips)
Seat 3: 81f11d4e (18,800 in chips)
Seat 4: Hero (20,744 in chips)
Seat 5: d2ee73cf (7,522 in chips)
Seat 6: 857c61fc (9,660 in chips)
Seat 7: 528b5658 (17,968 in chips)
Seat 8: cce6f87 (33,145 in chips)
81f11d4e: posts the ante 50
57672112: posts the ante 50
857c61fc: posts the ante 50
7b08d76f: posts the ante 50
528b5658: posts the ante 50
d2ee73cf: posts the ante 50
Hero: posts the ante 50
cce6f87: posts the ante 50
cce6f87: posts small blind 175
57672112: posts big blind 350
*** HOLE CARDS ***
Dealt to 57672112 
Dealt to 7b08d76f 
Dealt to 81f11d4e 
Dealt to Hero [Ac Qh]
Dealt to d2ee73cf 
Dealt to 857c61fc 
Dealt to 528b5658 
Dealt to cce6f87 
7b08d76f: calls 350
81f11d4e: folds
Hero: raises 813 to 1,163
d2ee73cf: folds
857c61fc: folds
528b5658: folds
cce6f87: folds
57672112: folds
7b08d76f: calls 813
*** FLOP *** [Js 2s 3s]
7b08d76f: checks
Hero: checks
*** TURN *** [Js 2s 3s] [3h]
7b08d76f: checks
Hero: bets 1,073
7b08d76f: folds
Uncalled bet (1,073) returned to Hero
*** SHOWDOWN ***
Hero collected 3,251 from pot
*** SUMMARY ***
Total pot 3,251 | Rake 0 | Jackpot 0 | Bingo 0 | Fortune 0 | Tax 0
Board [Js 2s 3s 3h]
Seat 1: 57672112 (big blind) folded before Flop
Seat 2: 7b08d76f folded on the Turn
Seat 3: 81f11d4e folded before Flop
Seat 4: Hero won (3,251)
Seat 5: d2ee73cf folded before Flop
Seat 6: 857c61fc folded before Flop
Seat 7: 528b5658 (button) folded before Flop
Seat 8: cce6f87 (small blind) folded before Flop


Poker Hand #TM3542329011: Tournament #156057564, Bounty Hunters Big One $1.08 Hold'em No Limit - Level7(175/350) - 2024/08/02 12:44:24
Table '119' 8-max Seat #6 is the button
Seat 1: 57672112 (35,348 in chips)
Seat 2: 7b08d76f (25,531 in chips)
Seat 3: 81f11d4e (19,725 in chips)
Seat 4: Hero (20,794 in chips)
Seat 5: d2ee73cf (7,572 in chips)
Seat 6: 857c61fc (9,710 in chips)
Seat 7: 528b5658 (16,393 in chips)
Seat 8: cce6f87 (33,545 in chips)
81f11d4e: posts the ante 50
57672112: posts the ante 50
857c61fc: posts the ante 50
7b08d76f: posts the ante 50
528b5658: posts the ante 50
d2ee73cf: posts the ante 50
Hero: posts the ante 50
cce6f87: posts the ante 50
528b5658: posts small blind 175
cce6f87: posts big blind 350
*** HOLE CARDS ***
Dealt to 57672112 
Dealt to 7b08d76f 
Dealt to 81f11d4e 
Dealt to Hero [9c Ah]
Dealt to d2ee73cf 
Dealt to 857c61fc 
Dealt to 528b5658 
Dealt to cce6f87 
57672112: folds
7b08d76f: folds
81f11d4e: raises 525 to 875
Hero: folds
d2ee73cf: folds
857c61fc: folds
528b5658: calls 700
cce6f87: folds
*** FLOP *** [Td Jd 7d]
528b5658: checks
81f11d4e: checks
*** TURN *** [Td Jd 7d] [5c]
528b5658: checks
81f11d4e: checks
*** RIVER *** [Td Jd 7d 5c] [9d]
528b5658: checks
81f11d4e: checks
528b5658: shows [4h 4c] (Pair of Fours)
81f11d4e: shows [Ac Qh] (Ace-High)
*** SHOWDOWN ***
528b5658 collected 2,500 from pot
*** SUMMARY ***
Total pot 2,500 | Rake 0 | Jackpot 0 | Bingo 0 | Fortune 0 | Tax 0
Board [Td Jd 7d 5c 9d]
Seat 1: 57672112 folded before Flop
Seat 2: 7b08d76f folded before Flop
Seat 3: 81f11d4e showed [Ac Qh] and lost with Ace-High
Seat 4: Hero folded before Flop
Seat 5: d2ee73cf folded before Flop
Seat 6: 857c61fc (button) folded before Flop
Seat 7: 528b5658 (small blind) showed [4h 4c] and won (2,500) with Pair of Fours
Seat 8: cce6f87 (big blind) folded before Flop


Poker Hand #TM3542328972: Tournament #156057564, Bounty Hunters Big One $1.08 Hold'em No Limit - Level7(175/350) - 2024/08/02 12:43:32
Table '119' 8-max Seat #5 is the button
Seat 1: 57672112 (35,398 in chips)
Seat 2: 7b08d76f (25,581 in chips)
Seat 3: 81f11d4e (19,775 in chips)
Seat 4: Hero (20,844 in chips)
Seat 5: d2ee73cf (8,509 in chips)
Seat 6: 857c61fc (9,935 in chips)
Seat 7: 528b5658 (16,793 in chips)
Seat 8: cce6f87 (31,783 in chips)
81f11d4e: posts the ante 50
57672112: posts the ante 50
857c61fc: posts the ante 50
7b08d76f: posts the ante 50
528b5658: posts the ante 50
d2ee73cf: posts the ante 50
Hero: posts the ante 50
cce6f87: posts the ante 50
857c61fc: posts small blind 175
528b5658: posts big blind 350
*** HOLE CARDS ***
Dealt to 57672112 
Dealt to 7b08d76f 
Dealt to 81f11d4e 
Dealt to Hero [Jh 4d]
Dealt to d2ee73cf 
Dealt to 857c61fc 
Dealt to 528b5658 
Dealt to cce6f87 
cce6f87: calls 350
57672112: folds
7b08d76f: folds
81f11d4e: folds
Hero: folds
d2ee73cf: calls 350
857c61fc: folds
528b5658: checks
*** FLOP *** [8h 5c 2d]
528b5658: checks
cce6f87: bets 537
d2ee73cf: calls 537
528b5658: folds
*** TURN *** [8h 5c 2d] [Tc]
cce6f87: bets 30,846 and is all-in
d2ee73cf: folds
Uncalled bet (30,846) returned to cce6f87
*** SHOWDOWN ***
cce6f87 collected 2,699 from pot
*** SUMMARY ***
Total pot 2,699 | Rake 0 | Jackpot 0 | Bingo 0 | Fortune 0 | Tax 0
Board [8h 5c 2d Tc]
Seat 1: 57672112 folded before Flop
Seat 2: 7b08d76f folded before Flop
Seat 3: 81f11d4e folded before Flop
Seat 4: Hero folded before Flop
Seat 5: d2ee73cf (button) folded on the Turn
Seat 6: 857c61fc (small blind) folded before Flop
Seat 7: 528b5658 (big blind) folded on the Flop
Seat 8: cce6f87 won (2,699)


Poker Hand #TM3542328954: Tournament #156057564, Bounty Hunters Big One $1.08 Hold'em No Limit - Level7(175/350) - 2024/08/02 12:43:04
Table '119' 8-max Seat #4 is the button
Seat 1: 57672112 (35,448 in chips)
Seat 2: 7b08d76f (26,331 in chips)
Seat 3: 81f11d4e (19,825 in chips)
Seat 4: Hero (20,894 in chips)
Seat 5: d2ee73cf (8,734 in chips)
Seat 6: 857c61fc (8,710 in chips)
Seat 7: 528b5658 (16,843 in chips)
Seat 8: cce6f87 (31,833 in chips)
81f11d4e: posts the ante 50
57672112: posts the ante 50
857c61fc: posts the ante 50
7b08d76f: posts the ante 50
528b5658: posts the ante 50
Hero: posts the ante 50
cce6f87: posts the ante 50
d2ee73cf: posts the ante 50
d2ee73cf: posts small blind 175
857c61fc: posts big blind 350
*** HOLE CARDS ***
Dealt to 57672112 
Dealt to 7b08d76f 
Dealt to 81f11d4e 
Dealt to Hero [4c Th]
Dealt to d2ee73cf 
Dealt to 857c61fc 
Dealt to 528b5658 
Dealt to cce6f87 
528b5658: folds
cce6f87: folds
57672112: folds
7b08d76f: raises 350 to 700
81f11d4e: folds
Hero: folds
d2ee73cf: folds
857c61fc: raises 7,960 to 8,660 and is all-in
7b08d76f: folds
Uncalled bet (7,960) returned to 857c61fc
*** SHOWDOWN ***
857c61fc collected 1,975 from pot
*** SUMMARY ***
Total pot 1,975 | Rake 0 | Jackpot 0 | Bingo 0 | Fortune 0 | Tax 0
Seat 1: 57672112 folded before Flop
Seat 2: 7b08d76f folded before Flop
Seat 3: 81f11d4e folded before Flop
Seat 4: Hero (button) folded before Flop
Seat 5: d2ee73cf (small blind) folded before Flop
Seat 6: 857c61fc (big blind) collected (1,975)
Seat 7: 528b5658 folded before Flop
Seat 8: cce6f87 folded before Flop


Poker Hand #TM3542328898: Tournament #156057564, Bounty Hunters Big One $1.08 Hold'em No Limit - Level7(175/350) - 2024/08/02 12:41:55
Table '119' 8-max Seat #3 is the button
Seat 1: 57672112 (35,498 in chips)
Seat 2: 7b08d76f (29,080 in chips)
Seat 3: 81f11d4e (19,875 in chips)
Seat 4: Hero (21,294 in chips)
Seat 5: d2ee73cf (9,134 in chips)
Seat 6: 857c61fc (8,760 in chips)
Seat 7: 528b5658 (16,893 in chips)
Seat 8: cce6f87 (28,084 in chips)
81f11d4e: posts the ante 50
57672112: posts the ante 50
857c61fc: posts the ante 50
7b08d76f: posts the ante 50
528b5658: posts the ante 50
cce6f87: posts the ante 50
d2ee73cf: posts the ante 50
Hero: posts the ante 50
Hero: posts small blind 175
d2ee73cf: posts big blind 350
*** HOLE CARDS ***
Dealt to 57672112 
Dealt to 7b08d76f 
Dealt to 81f11d4e 
Dealt to Hero [Ks Td]
Dealt to d2ee73cf 
Dealt to 857c61fc 
Dealt to 528b5658 
Dealt to cce6f87 
857c61fc: folds
528b5658: folds
cce6f87: calls 350
57672112: folds
7b08d76f: calls 350
81f11d4e: folds
Hero: calls 175
d2ee73cf: checks
*** FLOP *** [5d 7h 5s]
Hero: checks
d2ee73cf: checks
cce6f87: checks
7b08d76f: bets 810
Hero: folds
d2ee73cf: folds
cce6f87: calls 810
*** TURN *** [5d 7h 5s] [6d]
cce6f87: checks
7b08d76f: bets 1,539
cce6f87: calls 1,539
*** RIVER *** [5d 7h 5s 6d] [3c]
cce6f87: bets 6,498
7b08d76f: folds
Uncalled bet (6,498) returned to cce6f87
cce6f87: shows [Tc 9h] (Pair of Fives)
*** SHOWDOWN ***
cce6f87 collected 6,498 from pot
*** SUMMARY ***
Total pot 6,498 | Rake 0 | Jackpot 0 | Bingo 0 | Fortune 0 | Tax 0
Board [5d 7h 5s 6d 3c]
Seat 1: 57672112 folded before Flop
Seat 2: 7b08d76f folded on the River
Seat 3: 81f11d4e (button) folded before Flop
Seat 4: Hero (small blind) folded on the Flop
Seat 5: d2ee73cf (big blind) folded on the Flop
Seat 6: 857c61fc folded before Flop
Seat 7: 528b5658 folded before Flop
Seat 8: cce6f87 showed [Tc 9h] and won (6,498)


Poker Hand #TM3542328878: Tournament #156057564, Bounty Hunters Big One $1.08 Hold'em No Limit - Level7(175/350) - 2024/08/02 12:41:27
Table '119' 8-max Seat #2 is the button
Seat 1: 57672112 (35,548 in chips)
Seat 2: 7b08d76f (26,805 in chips)
Seat 3: 81f11d4e (20,100 in chips)
Seat 4: Hero (21,694 in chips)
Seat 5: d2ee73cf (9,884 in chips)
Seat 6: 857c61fc (8,810 in chips)
Seat 7: 528b5658 (16,943 in chips)
Seat 8: cce6f87 (28,834 in chips)
57672112: posts the ante 50
81f11d4e: posts the ante 50
857c61fc: posts the ante 50
7b08d76f: posts the ante 50
528b5658: posts the ante 50
cce6f87: posts the ante 50
d2ee73cf: posts the ante 50
Hero: posts the ante 50
81f11d4e: posts small blind 175
Hero: posts big blind 350
*** HOLE CARDS ***
Dealt to 57672112 
Dealt to 7b08d76f 
Dealt to 81f11d4e 
Dealt to Hero [3c 8s]
Dealt to d2ee73cf 
Dealt to 857c61fc 
Dealt to 528b5658 
Dealt to cce6f87 
d2ee73cf: raises 350 to 700
857c61fc: folds
528b5658: folds
cce6f87: calls 700
57672112: folds
7b08d76f: raises 3,630 to 4,330
81f11d4e: folds
Hero: folds
d2ee73cf: folds
cce6f87: folds
Uncalled bet (3,630) returned to 7b08d76f
*** SHOWDOWN ***
7b08d76f collected 3,025 from pot
*** SUMMARY ***
Total pot 3,025 | Rake 0 | Jackpot 0 | Bingo 0 | Fortune 0 | Tax 0
Seat 1: 57672112 folded before Flop
Seat 2: 7b08d76f (button) collected (3,025)
Seat 3: 81f11d4e (small blind) folded before Flop
Seat 4: Hero (big blind) folded before Flop
Seat 5: d2ee73cf folded before Flop
Seat 6: 857c61fc folded before Flop
Seat 7: 528b5658 folded before Flop
Seat 8: cce6f87 folded before Flop


Poker Hand #TM3542328845: Tournament #156057564, Bounty Hunters Big One $1.08 Hold'em No Limit - Level7(175/350) - 2024/08/02 12:40:49
Table '119' 8-max Seat #1 is the button
Seat 1: 57672112 (35,598 in chips)
Seat 2: 7b08d76f (27,030 in chips)
Seat 3: 81f11d4e (20,500 in chips)
Seat 4: Hero (21,744 in chips)
Seat 5: d2ee73cf (9,934 in chips)
Seat 6: 857c61fc (9,210 in chips)
Seat 7: 528b5658 (16,993 in chips)
Seat 8: cce6f87 (27,609 in chips)
57672112: posts the ante 50
81f11d4e: posts the ante 50
857c61fc: posts the ante 50
7b08d76f: posts the ante 50
528b5658: posts the ante 50
cce6f87: posts the ante 50
d2ee73cf: posts the ante 50
Hero: posts the ante 50
7b08d76f: posts small blind 175
81f11d4e: posts big blind 350
*** HOLE CARDS ***
Dealt to 57672112 
Dealt to 7b08d76f 
Dealt to 81f11d4e 
Dealt to Hero [7s Th]
Dealt to d2ee73cf 
Dealt to 857c61fc 
Dealt to 528b5658 
Dealt to cce6f87 
Hero: folds
d2ee73cf: folds
857c61fc: calls 350
528b5658: folds
cce6f87: raises 8,925 to 9,275
57672112: folds
7b08d76f: folds
81f11d4e: folds
857c61fc: folds
Uncalled bet (8,925) returned to cce6f87
*** SHOWDOWN ***
cce6f87 collected 1,625 from pot
*** SUMMARY ***
Total pot 1,625 | Rake 0 | Jackpot 0 | Bingo 0 | Fortune 0 | Tax 0
Seat 1: 57672112 (button) folded before Flop
Seat 2: 7b08d76f (small blind) folded before Flop
Seat 3: 81f11d4e (big blind) folded before Flop
Seat 4: Hero folded before Flop
Seat 5: d2ee73cf folded before Flop
Seat 6: 857c61fc folded before Flop
Seat 7: 528b5658 folded before Flop
Seat 8: cce6f87 collected (1,625)


Poker Hand #TM3542328820: Tournament #156057564, Bounty Hunters Big One $1.08 Hold'em No Limit - Level7(175/350) - 2024/08/02 12:40:17
Table '119' 8-max Seat #8 is the button
Seat 1: 57672112 (35,823 in chips)
Seat 2: 7b08d76f (27,430 in chips)
Seat 3: 81f11d4e (20,550 in chips)
Seat 4: Hero (21,794 in chips)
Seat 5: d2ee73cf (9,059 in chips)
Seat 6: 857c61fc (9,260 in chips)
Seat 7: 528b5658 (17,043 in chips)
Seat 8: cce6f87 (27,659 in chips)
81f11d4e: posts the ante 50
57672112: posts the ante 50
857c61fc: posts the ante 50
7b08d76f: posts the ante 50
528b5658: posts the ante 50
cce6f87: posts the ante 50
d2ee73cf: posts the ante 50
Hero: posts the ante 50
57672112: posts small blind 175
7b08d76f: posts big blind 350
*** HOLE CARDS ***
Dealt to 57672112 
Dealt to 7b08d76f 
Dealt to 81f11d4e 
Dealt to Hero [2h 3h]
Dealt to d2ee73cf 
Dealt to 857c61fc 
Dealt to 528b5658 
Dealt to cce6f87 
81f11d4e: folds
Hero: folds
d2ee73cf: raises 8,659 to 9,009 and is all-in
857c61fc: folds
528b5658: folds
cce6f87: folds
57672112: folds
7b08d76f: folds
Uncalled bet (8,659) returned to d2ee73cf
*** SHOWDOWN ***
d2ee73cf collected 1,275 from pot
*** SUMMARY ***
Total pot 1,275 | Rake 0 | Jackpot 0 | Bingo 0 | Fortune 0 | Tax 0
Seat 1: 57672112 (small blind) folded before Flop
Seat 2: 7b08d76f (big blind) folded before Flop
Seat 3: 81f11d4e folded before Flop
Seat 4: Hero folded before Flop
Seat 5: d2ee73cf collected (1,275)
Seat 6: 857c61fc folded before Flop
Seat 7: 528b5658 folded before Flop
Seat 8: cce6f87 (button) folded before Flop


Poker Hand #TM3542328784: Tournament #156057564, Bounty Hunters Big One $1.08 Hold'em No Limit - Level7(175/350) - 2024/08/02 12:39:26
Table '119' 8-max Seat #7 is the button
Seat 1: 57672112 (36,223 in chips)
Seat 2: 7b08d76f (27,480 in chips)
Seat 3: 81f11d4e (9,950 in chips)
Seat 4: Hero (21,844 in chips)
Seat 5: d2ee73cf (9,109 in chips)
Seat 6: 857c61fc (9,310 in chips)
Seat 7: 528b5658 (17,093 in chips)
Seat 8: cce6f87 (37,609 in chips)
81f11d4e: posts the ante 50
57672112: posts the ante 50
857c61fc: posts the ante 50
7b08d76f: posts the ante 50
528b5658: posts the ante 50
d2ee73cf: posts the ante 50
Hero: posts the ante 50
cce6f87: posts the ante 50
cce6f87: posts small blind 175
57672112: posts big blind 350
*** HOLE CARDS ***
Dealt to 57672112 
Dealt to 7b08d76f 
Dealt to 81f11d4e 
Dealt to Hero [Tc 3d]
Dealt to d2ee73cf 
Dealt to 857c61fc 
Dealt to 528b5658 
Dealt to cce6f87 
7b08d76f: folds
81f11d4e: raises 420 to 770
Hero: folds
d2ee73cf: folds
857c61fc: folds
528b5658: folds
cce6f87: raises 36,789 to 37,559 and is all-in
57672112: folds
81f11d4e: calls 9,130 and is all-in
Uncalled bet (27,659) returned to cce6f87
cce6f87: shows [Qh As]
81f11d4e: shows [Ks Kc]
*** FLOP *** [2d Ah Kh]
*** TURN *** [2d Ah Kh] [5c]
*** RIVER *** [2d Ah Kh 5c] [Kd]
*** SHOWDOWN ***
81f11d4e collected 20,550 from pot
*** SUMMARY ***
Total pot 20,550 | Rake 0 | Jackpot 0 | Bingo 0 | Fortune 0 | Tax 0
Board [2d Ah Kh 5c Kd]
Seat 1: 57672112 (big blind) folded before Flop
Seat 2: 7b08d76f folded before Flop
Seat 3: 81f11d4e showed [Ks Kc] and won (20,550) with Four Kings
Seat 4: Hero folded before Flop
Seat 5: d2ee73cf folded before Flop
Seat 6: 857c61fc folded before Flop
Seat 7: 528b5658 (button) folded before Flop
Seat 8: cce6f87 (small blind) showed [Qh As] and lost with Pair of Aces and Pair of Kings


Poker Hand #TM3542328747: Tournament #156057564, Bounty Hunters Big One $1.08 Hold'em No Limit - Level7(175/350) - 2024/08/02 12:38:34
Table '119' 8-max Seat #6 is the button
Seat 1: 57672112 (37,044 in chips)
Seat 2: 7b08d76f (27,530 in chips)
Seat 3: 81f11d4e (10,000 in chips)
Seat 4: Hero (22,665 in chips)
Seat 5: d2ee73cf (26,905 in chips)
Seat 6: 857c61fc (9,360 in chips)
Seat 7: 528b5658 (17,318 in chips)
Seat 8: cce6f87 (17,796 in chips)
81f11d4e: posts the ante 50
57672112: posts the ante 50
857c61fc: posts the ante 50
7b08d76f: posts the ante 50
528b5658: posts the ante 50
d2ee73cf: posts the ante 50
Hero: posts the ante 50
cce6f87: posts the ante 50
528b5658: posts small blind 175
cce6f87: posts big blind 350
*** HOLE CARDS ***
Dealt to 57672112 
Dealt to 7b08d76f 
Dealt to 81f11d4e 
Dealt to Hero [Th Ad]
Dealt to d2ee73cf 
Dealt to 857c61fc 
Dealt to 528b5658 
Dealt to cce6f87 
57672112: raises 421 to 771
7b08d76f: folds
81f11d4e: folds
Hero: calls 771
d2ee73cf: calls 771
857c61fc: folds
528b5658: folds
cce6f87: calls 421
*** FLOP *** [7c 6c 8c]
cce6f87: bets 16,975 and is all-in
57672112: folds
Hero: folds
d2ee73cf: calls 16,975
cce6f87: shows [Jh 8s] (Pair of Eights)
d2ee73cf: shows [7d 6d] (Pair of Sevens and Pair of Sixes)
*** TURN *** [7c 6c 8c] [Qc]
*** RIVER *** [7c 6c 8c Qc] [8d]
*** SHOWDOWN ***
cce6f87 collected 37,609 from pot
*** SUMMARY ***
Total pot 37,609 | Rake 0 | Jackpot 0 | Bingo 0 | Fortune 0 | Tax 0
Board [7c 6c 8c Qc 8d]
Seat 1: 57672112 folded on the Flop
Seat 2: 7b08d76f folded before Flop
Seat 3: 81f11d4e folded before Flop
Seat 4: Hero folded on the Flop
Seat 5: d2ee73cf showed [7d 6d] and lost with Pair of Eights and Pair of Sevens
Seat 6: 857c61fc (button) folded before Flop
Seat 7: 528b5658 (small blind) folded before Flop
Seat 8: cce6f87 (big blind) showed [Jh 8s] and won (37,609) with Three Eights


Poker Hand #TM3542328725: Tournament #156057564, Bounty Hunters Big One $1.08 Hold'em No Limit - Level7(175/350) - 2024/08/02 12:38:07
Table '119' 8-max Seat #5 is the button
Seat 1: 57672112 (37,094 in chips)
Seat 2: 7b08d76f (27,580 in chips)
Seat 4: Hero (22,715 in chips)
Seat 5: d2ee73cf (26,955 in chips)
Seat 6: 857c61fc (8,710 in chips)
Seat 7: 528b5658 (17,718 in chips)
Seat 8: cce6f87 (17,846 in chips)
57672112: posts the ante 50
857c61fc: posts the ante 50
7b08d76f: posts the ante 50
528b5658: posts the ante 50
d2ee73cf: posts the ante 50
Hero: posts the ante 50
cce6f87: posts the ante 50
857c61fc: posts small blind 175
528b5658: posts big blind 350
*** HOLE CARDS ***
Dealt to 57672112 
Dealt to 7b08d76f 
Dealt to Hero [5c 2s]
Dealt to d2ee73cf 
Dealt to 857c61fc 
Dealt to 528b5658 
Dealt to cce6f87 
cce6f87: folds
57672112: folds
7b08d76f: folds
Hero: folds
d2ee73cf: folds
857c61fc: raises 8,310 to 8,660 and is all-in
528b5658: folds
Uncalled bet (8,310) returned to 857c61fc
*** SHOWDOWN ***
857c61fc collected 1,050 from pot
*** SUMMARY ***
Total pot 1,050 | Rake 0 | Jackpot 0 | Bingo 0 | Fortune 0 | Tax 0
Seat 1: 57672112 folded before Flop
Seat 2: 7b08d76f folded before Flop
Seat 4: Hero folded before Flop
Seat 5: d2ee73cf (button) folded before Flop
Seat 6: 857c61fc (small blind) collected (1,050)
Seat 7: 528b5658 (big blind) folded before Flop
Seat 8: cce6f87 folded before Flop


Poker Hand #TM3542328677: Tournament #156057564, Bounty Hunters Big One $1.08 Hold'em No Limit - Level6(150/300) - 2024/08/02 12:37:11
Table '119' 8-max Seat #4 is the button
Seat 1: 57672112 (37,139 in chips)
Seat 3: c4e3b969 (4,086 in chips)
Seat 4: Hero (22,760 in chips)
Seat 5: d2ee73cf (27,150 in chips)
Seat 6: 857c61fc (9,055 in chips)
Seat 7: 528b5658 (6,501 in chips)
Seat 8: cce6f87 (24,347 in chips)
57672112: posts the ante 45
857c61fc: posts the ante 45
528b5658: posts the ante 45
c4e3b969: posts the ante 45
Hero: posts the ante 45
cce6f87: posts the ante 45
d2ee73cf: posts the ante 45
d2ee73cf: posts small blind 150
857c61fc: posts big blind 300
*** HOLE CARDS ***
Dealt to 57672112 
Dealt to c4e3b969 
Dealt to Hero [7h 8c]
Dealt to d2ee73cf 
Dealt to 857c61fc 
Dealt to 528b5658 
Dealt to cce6f87 
528b5658: raises 6,156 to 6,456 and is all-in
cce6f87: raises 17,846 to 24,302 and is all-in
57672112: folds
c4e3b969: calls 4,041 and is all-in
Hero: folds
d2ee73cf: folds
857c61fc: folds
Uncalled bet (17,846) returned to cce6f87
cce6f87: shows [Td Js]
c4e3b969: shows [Jh Ac]
528b5658: shows [Ah 8d]
*** FLOP *** [Kc 5h 8s]
*** TURN *** [Kc 5h 8s] [2c]
*** RIVER *** [Kc 5h 8s 2c] [9c]
*** SHOWDOWN ***
528b5658 collected 12,888 from pot
528b5658 collected 4,830 from pot
*** SUMMARY ***
Total pot 17,718 | Rake 0 | Jackpot 0 | Bingo 0 | Fortune 0 | Tax 0
Board [Kc 5h 8s 2c 9c]
Seat 1: 57672112 folded before Flop
Seat 3: c4e3b969 showed [Jh Ac] and lost with Ace-High
Seat 4: Hero (button) folded before Flop
Seat 5: d2ee73cf (small blind) folded before Flop
Seat 6: 857c61fc (big blind) folded before Flop
Seat 7: 528b5658 showed [Ah 8d] and won (17,718) with Pair of Eights
Seat 8: cce6f87 showed [Td Js] and lost with King-High


Poker Hand #TM3542328646: Tournament #156057564, Bounty Hunters Big One $1.08 Hold'em No Limit - Level6(150/300) - 2024/08/02 12:36:24
Table '119' 8-max Seat #1 is the button
Seat 1: 57672112 (29,602 in chips)
Seat 2: 134d760 (7,012 in chips)
Seat 4: Hero (23,105 in chips)
Seat 5: d2ee73cf (27,195 in chips)
Seat 6: 857c61fc (9,100 in chips)
Seat 7: 528b5658 (6,546 in chips)
Seat 8: cce6f87 (24,392 in chips)
57672112: posts the ante 45
857c61fc: posts the ante 45
134d760: posts the ante 45
528b5658: posts the ante 45
cce6f87: posts the ante 45
d2ee73cf: posts the ante 45
Hero: posts the ante 45
134d760: posts small blind 150
Hero: posts big blind 300
*** HOLE CARDS ***
Dealt to 57672112 
Dealt to 134d760 
Dealt to Hero [5s 7h]
Dealt to d2ee73cf 
Dealt to 857c61fc 
Dealt to 528b5658 
Dealt to cce6f87 
d2ee73cf: folds
857c61fc: folds
528b5658: folds
cce6f87: folds
57672112: raises 450 to 750
134d760: raises 6,217 to 6,967 and is all-in
Hero: folds
57672112: calls 6,217
134d760: shows [6h 6c]
57672112: shows [Tc Qh]
*** FLOP *** [9h Ks 8h]
*** TURN *** [9h Ks 8h] [9c]
*** RIVER *** [9h Ks 8h 9c] [Jd]
*** SHOWDOWN ***
57672112 collected 14,549 from pot
*** SUMMARY ***
Total pot 14,549 | Rake 0 | Jackpot 0 | Bingo 0 | Fortune 0 | Tax 0
Board [9h Ks 8h 9c Jd]
Seat 1: 57672112 (button) showed [Tc Qh] and won (14,549) with Kings-High Straight
Seat 2: 134d760 (small blind) showed [6h 6c] and lost with Pair of Nines and Pair of Sixes
Seat 4: Hero (big blind) folded before Flop
Seat 5: d2ee73cf folded before Flop
Seat 6: 857c61fc folded before Flop
Seat 7: 528b5658 folded before Flop
Seat 8: cce6f87 folded before Flop


Poker Hand #TM3542328605: Tournament #156057564, Bounty Hunters Big One $1.08 Hold'em No Limit - Level6(150/300) - 2024/08/02 12:35:29
Table '119' 8-max Seat #8 is the button
Seat 1: 57672112 (24,347 in chips)
Seat 2: 134d760 (7,357 in chips)
Seat 3: 6955142c (2,942 in chips)
Seat 4: Hero (24,893 in chips)
Seat 5: d2ee73cf (27,240 in chips)
Seat 6: 857c61fc (9,145 in chips)
Seat 7: 528b5658 (6,591 in chips)
Seat 8: cce6f87 (24,437 in chips)
6955142c: posts the ante 45
57672112: posts the ante 45
857c61fc: posts the ante 45
134d760: posts the ante 45
528b5658: posts the ante 45
cce6f87: posts the ante 45
d2ee73cf: posts the ante 45
Hero: posts the ante 45
57672112: posts small blind 150
134d760: posts big blind 300
*** HOLE CARDS ***
Dealt to 57672112 
Dealt to 134d760 
Dealt to 6955142c 
Dealt to Hero [Js Jd]
Dealt to d2ee73cf 
Dealt to 857c61fc 
Dealt to 528b5658 
Dealt to cce6f87 
6955142c: calls 300
Hero: raises 466 to 766
d2ee73cf: folds
857c61fc: folds
528b5658: folds
cce6f87: folds
57672112: calls 616
134d760: folds
6955142c: calls 466
*** FLOP *** [Kc 6c 8d]
57672112: bets 977
6955142c: calls 977
Hero: calls 977
*** TURN *** [Kc 6c 8d] [Ts]
57672112: bets 2,945
6955142c: calls 1,154 and is all-in
Hero: folds
Uncalled bet (1,791) returned to 57672112
57672112: shows [4d Kd] (Pair of Kings)
6955142c: shows [8h Qh] (Pair of Eights)
*** RIVER *** [Kc 6c 8d Ts] [6s]
*** SHOWDOWN ***
57672112 collected 8,197 from pot
*** SUMMARY ***
Total pot 8,197 | Rake 0 | Jackpot 0 | Bingo 0 | Fortune 0 | Tax 0
Board [Kc 6c 8d Ts 6s]
Seat 1: 57672112 (small blind) showed [4d Kd] and won (8,197) with Pair of Kings and Pair of Sixes
Seat 2: 134d760 (big blind) folded before Flop
Seat 3: 6955142c showed [8h Qh] and lost with Pair of Eights and Pair of Sixes
Seat 4: Hero folded on the Turn
Seat 5: d2ee73cf folded before Flop
Seat 6: 857c61fc folded before Flop
Seat 7: 528b5658 folded before Flop
Seat 8: cce6f87 (button) folded before Flop


Poker Hand #TM3542328562: Tournament #156057564, Bounty Hunters Big One $1.08 Hold'em No Limit - Level6(150/300) - 2024/08/02 12:34:38
Table '119' 8-max Seat #7 is the button
Seat 1: 57672112 (21,932 in chips)
Seat 2: 134d760 (7,402 in chips)
Seat 3: 6955142c (4,487 in chips)
Seat 4: Hero (24,938 in chips)
Seat 5: d2ee73cf (27,285 in chips)
Seat 6: 857c61fc (9,190 in chips)
Seat 7: 528b5658 (6,936 in chips)
Seat 8: cce6f87 (24,782 in chips)
6955142c: posts the ante 45
57672112: posts the ante 45
857c61fc: posts the ante 45
134d760: posts the ante 45
528b5658: posts the ante 45
d2ee73cf: posts the ante 45
Hero: posts the ante 45
cce6f87: posts the ante 45
cce6f87: posts small blind 150
57672112: posts big blind 300
*** HOLE CARDS ***
Dealt to 57672112 
Dealt to 134d760 
Dealt to 6955142c 
Dealt to Hero [2c 4h]
Dealt to d2ee73cf 
Dealt to 857c61fc 
Dealt to 528b5658 
Dealt to cce6f87 
134d760: folds
6955142c: calls 300
Hero: folds
d2ee73cf: folds
857c61fc: folds
528b5658: calls 300
cce6f87: calls 150
57672112: raises 1,200 to 1,500
6955142c: calls 1,200
528b5658: folds
cce6f87: folds
*** FLOP *** [4d Kc 7h]
57672112: checks
6955142c: checks
*** TURN *** [4d Kc 7h] [5h]
57672112: bets 1,307
6955142c: folds
Uncalled bet (1,307) returned to 57672112
*** SHOWDOWN ***
57672112 collected 3,960 from pot
*** SUMMARY ***
Total pot 3,960 | Rake 0 | Jackpot 0 | Bingo 0 | Fortune 0 | Tax 0
Board [4d Kc 7h 5h]
Seat 1: 57672112 (big blind) won (3,960)
Seat 2: 134d760 folded before Flop
Seat 3: 6955142c folded on the Turn
Seat 4: Hero folded before Flop
Seat 5: d2ee73cf folded before Flop
Seat 6: 857c61fc folded before Flop
Seat 7: 528b5658 (button) folded before Flop
Seat 8: cce6f87 (small blind) folded before Flop


Poker Hand #TM3542328541: Tournament #156057564, Bounty Hunters Big One $1.08 Hold'em No Limit - Level6(150/300) - 2024/08/02 12:34:16
Table '119' 8-max Seat #6 is the button
Seat 1: 57672112 (21,977 in chips)
Seat 2: 134d760 (7,447 in chips)
Seat 3: 6955142c (4,532 in chips)
Seat 4: Hero (24,983 in chips)
Seat 5: d2ee73cf (26,520 in chips)
Seat 6: 857c61fc (9,235 in chips)
Seat 7: 528b5658 (7,131 in chips)
Seat 8: cce6f87 (25,127 in chips)
6955142c: posts the ante 45
57672112: posts the ante 45
857c61fc: posts the ante 45
134d760: posts the ante 45
528b5658: posts the ante 45
d2ee73cf: posts the ante 45
Hero: posts the ante 45
cce6f87: posts the ante 45
528b5658: posts small blind 150
cce6f87: posts big blind 300
*** HOLE CARDS ***
Dealt to 57672112 
Dealt to 134d760 
Dealt to 6955142c 
Dealt to Hero [2s 3d]
Dealt to d2ee73cf 
Dealt to 857c61fc 
Dealt to 528b5658 
Dealt to cce6f87 
57672112: folds
134d760: folds
6955142c: folds
Hero: folds
d2ee73cf: raises 450 to 750
857c61fc: folds
528b5658: folds
cce6f87: folds
Uncalled bet (450) returned to d2ee73cf
*** SHOWDOWN ***
d2ee73cf collected 1,110 from pot
*** SUMMARY ***
Total pot 1,110 | Rake 0 | Jackpot 0 | Bingo 0 | Fortune 0 | Tax 0
Seat 1: 57672112 folded before Flop
Seat 2: 134d760 folded before Flop
Seat 3: 6955142c folded before Flop
Seat 4: Hero folded before Flop
Seat 5: d2ee73cf collected (1,110)
Seat 6: 857c61fc (button) folded before Flop
Seat 7: 528b5658 (small blind) folded before Flop
Seat 8: cce6f87 (big blind) folded before Flop


Poker Hand #TM3542328500: Tournament #156057564, Bounty Hunters Big One $1.08 Hold'em No Limit - Level6(150/300) - 2024/08/02 12:33:29
Table '119' 8-max Seat #5 is the button
Seat 1: 57672112 (22,022 in chips)
Seat 2: 134d760 (7,492 in chips)
Seat 3: 6955142c (1,756 in chips)
Seat 4: Hero (26,739 in chips)
Seat 5: d2ee73cf (26,565 in chips)
Seat 6: 857c61fc (9,430 in chips)
Seat 7: 528b5658 (7,476 in chips)
Seat 8: cce6f87 (25,472 in chips)
6955142c: posts the ante 45
57672112: posts the ante 45
857c61fc: posts the ante 45
134d760: posts the ante 45
528b5658: posts the ante 45
d2ee73cf: posts the ante 45
Hero: posts the ante 45
cce6f87: posts the ante 45
857c61fc: posts small blind 150
528b5658: posts big blind 300
*** HOLE CARDS ***
Dealt to 57672112 
Dealt to 134d760 
Dealt to 6955142c 
Dealt to Hero [Td Ad]
Dealt to d2ee73cf 
Dealt to 857c61fc 
Dealt to 528b5658 
Dealt to cce6f87 
cce6f87: calls 300
57672112: folds
134d760: folds
6955142c: raises 1,410 to 1,710
Hero: raises 6,990 to 8,700
d2ee73cf: folds
857c61fc: folds
528b5658: folds
cce6f87: folds
6955142c: calls 1 and is all-in
Uncalled bet (6,989) returned to Hero
Hero: shows [Td Ad]
6955142c: shows [Kh Qc]
*** FLOP *** [Qd 4s 2s]
*** TURN *** [Qd 4s 2s] [Kc]
*** RIVER *** [Qd 4s 2s Kc] [8h]
*** SHOWDOWN ***
6955142c collected 4,532 from pot
*** SUMMARY ***
Total pot 4,532 | Rake 0 | Jackpot 0 | Bingo 0 | Fortune 0 | Tax 0
Board [Qd 4s 2s Kc 8h]
Seat 1: 57672112 folded before Flop
Seat 2: 134d760 folded before Flop
Seat 3: 6955142c showed [Kh Qc] and won (4,532) with Pair of Kings and Pair of Queens
Seat 4: Hero showed [Td Ad] and lost with Ace-High
Seat 5: d2ee73cf (button) folded before Flop
Seat 6: 857c61fc (small blind) folded before Flop
Seat 7: 528b5658 (big blind) folded before Flop
Seat 8: cce6f87 folded before Flop


Poker Hand #TM3542328448: Tournament #156057564, Bounty Hunters Big One $1.08 Hold'em No Limit - Level6(150/300) - 2024/08/02 12:32:14
Table '119' 8-max Seat #4 is the button
Seat 1: 57672112 (31,588 in chips)
Seat 2: 134d760 (7,537 in chips)
Seat 3: 6955142c (9,566 in chips)
Seat 4: Hero (8,688 in chips)
Seat 5: d2ee73cf (26,760 in chips)
Seat 6: 857c61fc (9,775 in chips)
Seat 7: 528b5658 (7,521 in chips)
Seat 8: cce6f87 (25,517 in chips)
6955142c: posts the ante 45
57672112: posts the ante 45
857c61fc: posts the ante 45
134d760: posts the ante 45
528b5658: posts the ante 45
Hero: posts the ante 45
cce6f87: posts the ante 45
d2ee73cf: posts the ante 45
d2ee73cf: posts small blind 150
857c61fc: posts big blind 300
*** HOLE CARDS ***
Dealt to 57672112 
Dealt to 134d760 
Dealt to 6955142c 
Dealt to Hero [8c 8s]
Dealt to d2ee73cf 
Dealt to 857c61fc 
Dealt to 528b5658 
Dealt to cce6f87 
528b5658: folds
cce6f87: folds
57672112: raises 360 to 660
134d760: folds
6955142c: calls 660
Hero: raises 7,983 to 8,643 and is all-in
d2ee73cf: folds
857c61fc: folds
57672112: calls 7,983
6955142c: calls 7,983
*** FLOP *** [Js 7c Ts]
57672112: checks
6955142c: bets 878 and is all-in
57672112: calls 878
6955142c: shows [Qc Jc] (Pair of Jacks)
Hero: shows [8c 8s] (Pair of Eights)
57672112: shows [4h Ah] (Ace-High)
*** TURN *** [Js 7c Ts] [9h]
*** RIVER *** [Js 7c Ts 9h] [9c]
*** SHOWDOWN ***
Hero collected 26,739 from pot
6955142c collected 1,756 from pot
*** SUMMARY ***
Total pot 28,495 | Rake 0 | Jackpot 0 | Bingo 0 | Fortune 0 | Tax 0
Board [Js 7c Ts 9h 9c]
Seat 1: 57672112 showed [4h Ah] and lost with Pair of Nines
Seat 2: 134d760 folded before Flop
Seat 3: 6955142c showed [Qc Jc] and won (1,756) with Pair of Jacks and Pair of Nines
Seat 4: Hero (button) showed [8c 8s] and won (26,739) with Jacks-High Straight
Seat 5: d2ee73cf (small blind) folded before Flop
Seat 6: 857c61fc (big blind) folded before Flop
Seat 7: 528b5658 folded before Flop
Seat 8: cce6f87 folded before Flop


Poker Hand #TM3542328421: Tournament #156057564, Bounty Hunters Big One $1.08 Hold'em No Limit - Level6(150/300) - 2024/08/02 12:31:36
Table '119' 8-max Seat #3 is the button
Seat 1: 57672112 (31,633 in chips)
Seat 2: 134d760 (7,582 in chips)
Seat 3: 6955142c (9,611 in chips)
Seat 4: Hero (4,209 in chips)
Seat 5: d2ee73cf (30,969 in chips)
Seat 6: 857c61fc (9,820 in chips)
Seat 7: 528b5658 (7,566 in chips)
Seat 8: cce6f87 (25,562 in chips)
6955142c: posts the ante 45
57672112: posts the ante 45
857c61fc: posts the ante 45
134d760: posts the ante 45
528b5658: posts the ante 45
cce6f87: posts the ante 45
d2ee73cf: posts the ante 45
Hero: posts the ante 45
Hero: posts small blind 150
d2ee73cf: posts big blind 300
*** HOLE CARDS ***
Dealt to 57672112 
Dealt to 134d760 
Dealt to 6955142c 
Dealt to Hero [Ad 8h]
Dealt to d2ee73cf 
Dealt to 857c61fc 
Dealt to 528b5658 
Dealt to cce6f87 
857c61fc: folds
528b5658: folds
cce6f87: folds
57672112: folds
134d760: folds
6955142c: folds
Hero: raises 3,864 to 4,164 and is all-in
d2ee73cf: calls 3,864
Hero: shows [Ad 8h]
d2ee73cf: shows [5d Kd]
*** FLOP *** [8s 7c 4h]
*** TURN *** [8s 7c 4h] [4c]
*** RIVER *** [8s 7c 4h 4c] [7s]
*** SHOWDOWN ***
Hero collected 8,688 from pot
*** SUMMARY ***
Total pot 8,688 | Rake 0 | Jackpot 0 | Bingo 0 | Fortune 0 | Tax 0
Board [8s 7c 4h 4c 7s]
Seat 1: 57672112 folded before Flop
Seat 2: 134d760 folded before Flop
Seat 3: 6955142c (button) folded before Flop
Seat 4: Hero (small blind) showed [Ad 8h] and won (8,688) with Pair of Eights and Pair of Sevens
Seat 5: d2ee73cf (big blind) showed [5d Kd] and lost with Pair of Sevens and Pair of Fours
Seat 6: 857c61fc folded before Flop
Seat 7: 528b5658 folded before Flop
Seat 8: cce6f87 folded before Flop


Poker Hand #TM3542328386: Tournament #156057564, Bounty Hunters Big One $1.08 Hold'em No Limit - Level6(150/300) - 2024/08/02 12:30:49
Table '119' 8-max Seat #2 is the button
Seat 1: 57672112 (32,911 in chips)
Seat 2: 134d760 (8,860 in chips)
Seat 3: 6955142c (9,806 in chips)
Seat 4: Hero (1,278 in chips)
Seat 5: d2ee73cf (31,014 in chips)
Seat 6: 857c61fc (9,865 in chips)
Seat 7: 528b5658 (7,611 in chips)
Seat 8: cce6f87 (25,607 in chips)
6955142c: posts the ante 45
57672112: posts the ante 45
857c61fc: posts the ante 45
134d760: posts the ante 45
528b5658: posts the ante 45
cce6f87: posts the ante 45
d2ee73cf: posts the ante 45
Hero: posts the ante 45
6955142c: posts small blind 150
Hero: posts big blind 300
*** HOLE CARDS ***
Dealt to 57672112 
Dealt to 134d760 
Dealt to 6955142c 
Dealt to Hero [Qd Qh]
Dealt to d2ee73cf 
Dealt to 857c61fc 
Dealt to 528b5658 
Dealt to cce6f87 
d2ee73cf: folds
857c61fc: folds
528b5658: folds
cce6f87: folds
57672112: raises 360 to 660
134d760: calls 660
6955142c: folds
Hero: raises 573 to 1,233 and is all-in
57672112: calls 573
134d760: calls 573
*** FLOP *** [Ah 6d 2s]
57672112: bets 1,389
134d760: folds
Uncalled bet (1,389) returned to 57672112
57672112: shows [7s 9s] (Ace-High)
Hero: shows [Qd Qh] (Pair of Queens)
*** TURN *** [Ah 6d 2s] [3d]
*** RIVER *** [Ah 6d 2s 3d] [5s]
*** SHOWDOWN ***
Hero collected 4,209 from pot
*** SUMMARY ***
Total pot 4,209 | Rake 0 | Jackpot 0 | Bingo 0 | Fortune 0 | Tax 0
Board [Ah 6d 2s 3d 5s]
Seat 1: 57672112 showed [7s 9s] and lost with Ace-High
Seat 2: 134d760 (button) folded on the Flop
Seat 3: 6955142c (small blind) folded before Flop
Seat 4: Hero (big blind) showed [Qd Qh] and won (4,209) with Pair of Queens
Seat 5: d2ee73cf folded before Flop
Seat 6: 857c61fc folded before Flop
Seat 7: 528b5658 folded before Flop
Seat 8: cce6f87 folded before Flop


Poker Hand #TM3542328334: Tournament #156057564, Bounty Hunters Big One $1.08 Hold'em No Limit - Level6(150/300) - 2024/08/02 12:29:39
Table '119' 8-max Seat #1 is the button
Seat 1: 57672112 (20,155 in chips)
Seat 2: 134d760 (11,508 in chips)
Seat 3: 6955142c (10,151 in chips)
Seat 4: Hero (1,323 in chips)
Seat 5: d2ee73cf (31,959 in chips)
Seat 6: 857c61fc (9,910 in chips)
Seat 7: 528b5658 (15,394 in chips)
Seat 8: cce6f87 (26,552 in chips)
6955142c: posts the ante 45
57672112: posts the ante 45
857c61fc: posts the ante 45
134d760: posts the ante 45
528b5658: posts the ante 45
cce6f87: posts the ante 45
d2ee73cf: posts the ante 45
Hero: posts the ante 45
134d760: posts small blind 150
6955142c: posts big blind 300
*** HOLE CARDS ***
Dealt to 57672112 
Dealt to 134d760 
Dealt to 6955142c 
Dealt to Hero [2h 3s]
Dealt to d2ee73cf 
Dealt to 857c61fc 
Dealt to 528b5658 
Dealt to cce6f87 
Hero: folds
d2ee73cf: raises 600 to 900
857c61fc: folds
528b5658: calls 900
cce6f87: calls 900
57672112: calls 900
134d760: calls 750
6955142c: folds
*** FLOP *** [9h 6c 6h]
134d760: checks
d2ee73cf: checks
528b5658: checks
cce6f87: checks
57672112: bets 1,703
134d760: calls 1,703
d2ee73cf: folds
528b5658: calls 1,703
cce6f87: folds
*** TURN *** [9h 6c 6h] [Qd]
134d760: checks
528b5658: checks
57672112: bets 5,135
134d760: folds
528b5658: calls 5,135
*** RIVER *** [9h 6c 6h Qd] [2d]
528b5658: checks
57672112: checks
528b5658: shows [Ah 3h] (Pair of Sixes)
57672112: shows [Qc 9c] (Pair of Queens and Pair of Nines)
*** SHOWDOWN ***
57672112 collected 20,539 from pot
*** SUMMARY ***
Total pot 20,539 | Rake 0 | Jackpot 0 | Bingo 0 | Fortune 0 | Tax 0
Board [9h 6c 6h Qd 2d]
Seat 1: 57672112 (button) showed [Qc 9c] and won (20,539) with Pair of Queens and Pair of Nines
Seat 2: 134d760 (small blind) folded on the Turn
Seat 3: 6955142c (big blind) folded before Flop
Seat 4: Hero folded before Flop
Seat 5: d2ee73cf folded on the Flop
Seat 6: 857c61fc folded before Flop
Seat 7: 528b5658 showed [Ah 3h] and lost with Pair of Sixes
Seat 8: cce6f87 folded on the Flop


Poker Hand #TM3542328292: Tournament #156057564, Bounty Hunters Big One $1.08 Hold'em No Limit - Level6(150/300) - 2024/08/02 12:28:45
Table '119' 8-max Seat #8 is the button
Seat 1: 57672112 (20,350 in chips)
Seat 2: 134d760 (8,940 in chips)
Seat 3: 6955142c (10,196 in chips)
Seat 4: Hero (1,368 in chips)
Seat 5: d2ee73cf (32,004 in chips)
Seat 6: 857c61fc (9,955 in chips)
Seat 7: 528b5658 (17,542 in chips)
Seat 8: cce6f87 (26,597 in chips)
6955142c: posts the ante 45
57672112: posts the ante 45
857c61fc: posts the ante 45
134d760: posts the ante 45
528b5658: posts the ante 45
cce6f87: posts the ante 45
d2ee73cf: posts the ante 45
Hero: posts the ante 45
57672112: posts small blind 150
134d760: posts big blind 300
*** HOLE CARDS ***
Dealt to 57672112 
Dealt to 134d760 
Dealt to 6955142c 
Dealt to Hero [4d 9h]
Dealt to d2ee73cf 
Dealt to 857c61fc 
Dealt to 528b5658 
Dealt to cce6f87 
6955142c: folds
Hero: folds
d2ee73cf: folds
857c61fc: folds
528b5658: raises 300 to 600
cce6f87: folds
57672112: folds
134d760: calls 300
*** FLOP *** [As Qs Jd]
134d760: checks
528b5658: bets 565
134d760: calls 565
*** TURN *** [As Qs Jd] [Qc]
134d760: checks
528b5658: checks
*** RIVER *** [As Qs Jd Qc] [3h]
134d760: bets 938
528b5658: calls 938
134d760: shows [8c Ad] (Pair of Aces and Pair of Queens)
528b5658: shows [Ks Jh] (Pair of Queens and Pair of Jacks)
*** SHOWDOWN ***
134d760 collected 4,716 from pot
*** SUMMARY ***
Total pot 4,716 | Rake 0 | Jackpot 0 | Bingo 0 | Fortune 0 | Tax 0
Board [As Qs Jd Qc 3h]
Seat 1: 57672112 (small blind) folded before Flop
Seat 2: 134d760 (big blind) showed [8c Ad] and won (4,716) with Pair of Aces and Pair of Queens
Seat 3: 6955142c folded before Flop
Seat 4: Hero folded before Flop
Seat 5: d2ee73cf folded before Flop
Seat 6: 857c61fc folded before Flop
Seat 7: 528b5658 showed [Ks Jh] and lost with Pair of Queens and Pair of Jacks
Seat 8: cce6f87 (button) folded before Flop


Poker Hand #TM3542328240: Tournament #156057564, Bounty Hunters Big One $1.08 Hold'em No Limit - Level6(150/300) - 2024/08/02 12:27:39
Table '119' 8-max Seat #7 is the button
Seat 1: 57672112 (9,965 in chips)
Seat 2: 134d760 (8,985 in chips)
Seat 3: 6955142c (10,241 in chips)
Seat 4: Hero (11,333 in chips)
Seat 5: d2ee73cf (32,049 in chips)
Seat 6: 857c61fc (10,000 in chips)
Seat 7: 528b5658 (17,587 in chips)
Seat 8: cce6f87 (26,792 in chips)
6955142c: posts the ante 45
57672112: posts the ante 45
857c61fc: posts the ante 45
134d760: posts the ante 45
528b5658: posts the ante 45
d2ee73cf: posts the ante 45
Hero: posts the ante 45
cce6f87: posts the ante 45
cce6f87: posts small blind 150
57672112: posts big blind 300
*** HOLE CARDS ***
Dealt to 57672112 
Dealt to 134d760 
Dealt to 6955142c 
Dealt to Hero [Qs Th]
Dealt to d2ee73cf 
Dealt to 857c61fc 
Dealt to 528b5658 
Dealt to cce6f87 
134d760: folds
6955142c: folds
Hero: raises 300 to 600
d2ee73cf: folds
857c61fc: folds
528b5658: folds
cce6f87: folds
57672112: calls 300
*** FLOP *** [Ts Qd 6d]
57672112: checks
Hero: checks
*** TURN *** [Ts Qd 6d] [3s]
57672112: bets 1,283
Hero: raises 1,283 to 2,566
57672112: raises 6,754 to 9,320 and is all-in
Hero: calls 6,754
57672112: shows [3c 3d] (Three Treys)
Hero: shows [Qs Th] (Pair of Queens and Pair of Tens)
*** RIVER *** [Ts Qd 6d 3s] [5c]
*** SHOWDOWN ***
57672112 collected 20,350 from pot
*** SUMMARY ***
Total pot 20,350 | Rake 0 | Jackpot 0 | Bingo 0 | Fortune 0 | Tax 0
Board [Ts Qd 6d 3s 5c]
Seat 1: 57672112 (big blind) showed [3c 3d] and won (20,350) with Three Treys
Seat 2: 134d760 folded before Flop
Seat 3: 6955142c folded before Flop
Seat 4: Hero showed [Qs Th] and lost with Pair of Queens and Pair of Tens
Seat 5: d2ee73cf folded before Flop
Seat 6: 857c61fc folded before Flop
Seat 7: 528b5658 (button) folded before Flop
Seat 8: cce6f87 (small blind) folded before Flop


Poker Hand #TM3542328191: Tournament #156057564, Bounty Hunters Big One $1.08 Hold'em No Limit - Level5(125/250) - 2024/08/02 12:26:32
Table '119' 8-max Seat #6 is the button
Seat 1: 57672112 (10,000 in chips)
Seat 2: 134d760 (9,020 in chips)
Seat 3: 6955142c (10,276 in chips)
Seat 4: Hero (11,368 in chips)
Seat 5: d2ee73cf (32,084 in chips)
Seat 6: 499b5156 (11,073 in chips)
Seat 7: 528b5658 (17,747 in chips)
Seat 8: cce6f87 (15,384 in chips)
6955142c: posts the ante 35
57672112: posts the ante 35
499b5156: posts the ante 35
134d760: posts the ante 35
528b5658: posts the ante 35
d2ee73cf: posts the ante 35
Hero: posts the ante 35
cce6f87: posts the ante 35
528b5658: posts small blind 125
cce6f87: posts big blind 250
*** HOLE CARDS ***
Dealt to 57672112 
Dealt to 134d760 
Dealt to 6955142c 
Dealt to Hero [2c Qd]
Dealt to d2ee73cf 
Dealt to 499b5156 
Dealt to 528b5658 
Dealt to cce6f87 
57672112: folds
134d760: folds
6955142c: folds
Hero: folds
d2ee73cf: folds
499b5156: raises 300 to 550
528b5658: folds
cce6f87: raises 497 to 1,047
499b5156: raises 9,991 to 11,038 and is all-in
cce6f87: calls 9,991
499b5156: shows [Kh Ac]
cce6f87: shows [9c Ah]
*** FLOP *** [3d 9s 5h]
*** TURN *** [3d 9s 5h] [7h]
*** RIVER *** [3d 9s 5h 7h] [7s]
*** SHOWDOWN ***
cce6f87 collected 22,481 from pot
*** SUMMARY ***
Total pot 22,481 | Rake 0 | Jackpot 0 | Bingo 0 | Fortune 0 | Tax 0
Board [3d 9s 5h 7h 7s]
Seat 1: 57672112 folded before Flop
Seat 2: 134d760 folded before Flop
Seat 3: 6955142c folded before Flop
Seat 4: Hero folded before Flop
Seat 5: d2ee73cf folded before Flop
Seat 6: 499b5156 (button) showed [Kh Ac] and lost with Pair of Sevens
Seat 7: 528b5658 (small blind) folded before Flop
Seat 8: cce6f87 (big blind) showed [9c Ah] and won (22,481) with Pair of Nines and Pair of Sevens


Poker Hand #TM3542328179: Tournament #156057564, Bounty Hunters Big One $1.08 Hold'em No Limit - Level5(125/250) - 2024/08/02 12:26:06
Table '119' 8-max Seat #5 is the button
Seat 2: 134d760 (9,055 in chips)
Seat 3: 6955142c (10,311 in chips)
Seat 4: Hero (11,403 in chips)
Seat 5: d2ee73cf (32,119 in chips)
Seat 6: 499b5156 (10,613 in chips)
Seat 7: 528b5658 (18,032 in chips)
Seat 8: cce6f87 (15,419 in chips)
6955142c: posts the ante 35
499b5156: posts the ante 35
134d760: posts the ante 35
528b5658: posts the ante 35
d2ee73cf: posts the ante 35
Hero: posts the ante 35
cce6f87: posts the ante 35
499b5156: posts small blind 125
528b5658: posts big blind 250
*** HOLE CARDS ***
Dealt to 134d760 
Dealt to 6955142c 
Dealt to Hero [3c Ac]
Dealt to d2ee73cf 
Dealt to 499b5156 
Dealt to 528b5658 
Dealt to cce6f87 
cce6f87: folds
134d760: folds
6955142c: folds
Hero: folds
d2ee73cf: folds
499b5156: raises 250 to 500
528b5658: folds
Uncalled bet (250) returned to 499b5156
*** SHOWDOWN ***
499b5156 collected 745 from pot
*** SUMMARY ***
Total pot 745 | Rake 0 | Jackpot 0 | Bingo 0 | Fortune 0 | Tax 0
Seat 2: 134d760 folded before Flop
Seat 3: 6955142c folded before Flop
Seat 4: Hero folded before Flop
Seat 5: d2ee73cf (button) folded before Flop
Seat 6: 499b5156 (small blind) collected (745)
Seat 7: 528b5658 (big blind) folded before Flop
Seat 8: cce6f87 folded before Flop


Poker Hand #TM3542328136: Tournament #156057564, Bounty Hunters Big One $1.08 Hold'em No Limit - Level5(125/250) - 2024/08/02 12:25:04
Table '119' 8-max Seat #4 is the button
Seat 1: 3304fdf4 (8,680 in chips)
Seat 2: 134d760 (9,965 in chips)
Seat 3: 6955142c (10,346 in chips)
Seat 4: Hero (11,438 in chips)
Seat 5: d2ee73cf (40,799 in chips)
Seat 6: 499b5156 (10,898 in chips)
Seat 7: 528b5658 (18,067 in chips)
Seat 8: cce6f87 (15,704 in chips)
6955142c: posts the ante 35
499b5156: posts the ante 35
134d760: posts the ante 35
3304fdf4: posts the ante 35
528b5658: posts the ante 35
Hero: posts the ante 35
cce6f87: posts the ante 35
d2ee73cf: posts the ante 35
d2ee73cf: posts small blind 125
499b5156: posts big blind 250
*** HOLE CARDS ***
Dealt to 3304fdf4 
Dealt to 134d760 
Dealt to 6955142c 
Dealt to Hero [9h 4h]
Dealt to d2ee73cf 
Dealt to 499b5156 
Dealt to 528b5658 
Dealt to cce6f87 
528b5658: folds
cce6f87: calls 250
3304fdf4: raises 625 to 875
134d760: calls 875
6955142c: folds
Hero: folds
d2ee73cf: raises 3,405 to 4,280
499b5156: folds
cce6f87: folds
3304fdf4: raises 4,365 to 8,645 and is all-in
134d760: folds
d2ee73cf: calls 4,365
3304fdf4: shows [Kc Ac]
d2ee73cf: shows [Jd Jh]
*** FLOP *** [Ks Qs 2d]
*** TURN *** [Ks Qs 2d] [2c]
*** RIVER *** [Ks Qs 2d 2c] [6h]
*** SHOWDOWN ***
3304fdf4 collected 18,945 from pot
*** SUMMARY ***
Total pot 18,945 | Rake 0 | Jackpot 0 | Bingo 0 | Fortune 0 | Tax 0
Board [Ks Qs 2d 2c 6h]
Seat 1: 3304fdf4 showed [Kc Ac] and won (18,945) with Pair of Kings and Pair of Twos
Seat 2: 134d760 folded before Flop
Seat 3: 6955142c folded before Flop
Seat 4: Hero (button) folded before Flop
Seat 5: d2ee73cf (small blind) showed [Jd Jh] and lost with Pair of Jacks and Pair of Twos
Seat 6: 499b5156 (big blind) folded before Flop
Seat 7: 528b5658 folded before Flop
Seat 8: cce6f87 folded before Flop


Poker Hand #TM3542328094: Tournament #156057564, Bounty Hunters Big One $1.08 Hold'em No Limit - Level5(125/250) - 2024/08/02 12:24:12
Table '119' 8-max Seat #3 is the button
Seat 1: 3304fdf4 (8,715 in chips)
Seat 2: 134d760 (10,000 in chips)
Seat 3: 6955142c (10,381 in chips)
Seat 4: Hero (11,598 in chips)
Seat 5: d2ee73cf (41,084 in chips)
Seat 6: 499b5156 (12,937 in chips)
Seat 7: 528b5658 (18,102 in chips)
Seat 8: cce6f87 (13,080 in chips)
6955142c: posts the ante 35
499b5156: posts the ante 35
134d760: posts the ante 35
3304fdf4: posts the ante 35
528b5658: posts the ante 35
cce6f87: posts the ante 35
d2ee73cf: posts the ante 35
Hero: posts the ante 35
Hero: posts small blind 125
d2ee73cf: posts big blind 250
*** HOLE CARDS ***
Dealt to 3304fdf4 
Dealt to 134d760 
Dealt to 6955142c 
Dealt to Hero [As 4s]
Dealt to d2ee73cf 
Dealt to 499b5156 
Dealt to 528b5658 
Dealt to cce6f87 
499b5156: raises 300 to 550
528b5658: folds
cce6f87: calls 550
3304fdf4: folds
134d760: folds
6955142c: folds
Hero: folds
d2ee73cf: folds
*** FLOP *** [5d 5h Ad]
499b5156: bets 527
cce6f87: raises 927 to 1,454
499b5156: calls 927
*** TURN *** [5d 5h Ad] [4d]
499b5156: checks
cce6f87: bets 2,332
499b5156: folds
Uncalled bet (2,332) returned to cce6f87
499b5156: shows [Ah] (Pair of Aces and Pair of Fives)
*** SHOWDOWN ***
cce6f87 collected 4,663 from pot
*** SUMMARY ***
Total pot 4,663 | Rake 0 | Jackpot 0 | Bingo 0 | Fortune 0 | Tax 0
Board [5d 5h Ad 4d]
Seat 1: 3304fdf4 folded before Flop
Seat 2: 134d760 folded before Flop
Seat 3: 6955142c (button) folded before Flop
Seat 4: Hero (small blind) folded before Flop
Seat 5: d2ee73cf (big blind) folded before Flop
Seat 6: 499b5156 folded on the Turn
Seat 7: 528b5658 folded before Flop
Seat 8: cce6f87 won (4,663)


Poker Hand #TM3542328066: Tournament #156057564, Bounty Hunters Big One $1.08 Hold'em No Limit - Level5(125/250) - 2024/08/02 12:23:33
Table '119' 8-max Seat #1 is the button
Seat 1: 3304fdf4 (8,750 in chips)
Seat 3: 6955142c (11,726 in chips)
Seat 4: Hero (11,883 in chips)
Seat 5: d2ee73cf (41,119 in chips)
Seat 6: 499b5156 (12,972 in chips)
Seat 7: 528b5658 (19,447 in chips)
Seat 8: cce6f87 (10,000 in chips)
6955142c: posts the ante 35
499b5156: posts the ante 35
3304fdf4: posts the ante 35
528b5658: posts the ante 35
cce6f87: posts the ante 35
d2ee73cf: posts the ante 35
Hero: posts the ante 35
6955142c: posts small blind 125
Hero: posts big blind 250
*** HOLE CARDS ***
Dealt to 3304fdf4 
Dealt to 6955142c 
Dealt to Hero [7c 9h]
Dealt to d2ee73cf 
Dealt to 499b5156 
Dealt to 528b5658 
Dealt to cce6f87 
d2ee73cf: folds
499b5156: folds
528b5658: raises 250 to 500
cce6f87: raises 810 to 1,310
3304fdf4: folds
6955142c: calls 1,185
Hero: folds
528b5658: calls 810
*** FLOP *** [7s 8h 7h]
6955142c: checks
528b5658: checks
cce6f87: bets 8,655 and is all-in
6955142c: folds
528b5658: folds
Uncalled bet (8,655) returned to cce6f87
cce6f87: shows [2s 6s] (Pair of Sevens)
*** SHOWDOWN ***
cce6f87 collected 4,425 from pot
*** SUMMARY ***
Total pot 4,425 | Rake 0 | Jackpot 0 | Bingo 0 | Fortune 0 | Tax 0
Board [7s 8h 7h]
Seat 1: 3304fdf4 (button) folded before Flop
Seat 3: 6955142c (small blind) folded on the Flop
Seat 4: Hero (big blind) folded before Flop
Seat 5: d2ee73cf folded before Flop
Seat 6: 499b5156 folded before Flop
Seat 7: 528b5658 folded on the Flop
Seat 8: cce6f87 showed [2s 6s] and won (4,425)


Poker Hand #TM3542328012: Tournament #156057564, Bounty Hunters Big One $1.08 Hold'em No Limit - Level5(125/250) - 2024/08/02 12:22:22
Table '119' 8-max Seat #7 is the button
Seat 1: 3304fdf4 (8,910 in chips)
Seat 2: 5a75383a (7,481 in chips)
Seat 3: 6955142c (11,761 in chips)
Seat 4: Hero (11,918 in chips)
Seat 5: d2ee73cf (41,154 in chips)
Seat 6: 499b5156 (13,007 in chips)
Seat 7: 528b5658 (11,666 in chips)
6955142c: posts the ante 35
499b5156: posts the ante 35
5a75383a: posts the ante 35
3304fdf4: posts the ante 35
528b5658: posts the ante 35
d2ee73cf: posts the ante 35
Hero: posts the ante 35
3304fdf4: posts small blind 125
5a75383a: posts big blind 250
*** HOLE CARDS ***
Dealt to 3304fdf4 
Dealt to 5a75383a 
Dealt to 6955142c 
Dealt to Hero [Qh 2s]
Dealt to d2ee73cf 
Dealt to 499b5156 
Dealt to 528b5658 
6955142c: folds
Hero: folds
d2ee73cf: folds
499b5156: folds
528b5658: raises 375 to 625
3304fdf4: folds
5a75383a: calls 375
*** FLOP *** [2h Ah 9d]
5a75383a: checks
528b5658: bets 535
5a75383a: calls 535
*** TURN *** [2h Ah 9d] [5d]
5a75383a: checks
528b5658: bets 888
5a75383a: raises 1,483 to 2,371
528b5658: calls 1,483
*** RIVER *** [2h Ah 9d 5d] [8d]
5a75383a: bets 3,915 and is all-in
528b5658: calls 3,915
5a75383a: shows [Kc 9c] (Pair of Nines)
528b5658: shows [Ad Jh] (Pair of Aces)
*** SHOWDOWN ***
528b5658 collected 15,262 from pot
*** SUMMARY ***
Total pot 15,262 | Rake 0 | Jackpot 0 | Bingo 0 | Fortune 0 | Tax 0
Board [2h Ah 9d 5d 8d]
Seat 1: 3304fdf4 (small blind) folded before Flop
Seat 2: 5a75383a (big blind) showed [Kc 9c] and lost with Pair of Nines
Seat 3: 6955142c folded before Flop
Seat 4: Hero folded before Flop
Seat 5: d2ee73cf folded before Flop
Seat 6: 499b5156 folded before Flop
Seat 7: 528b5658 (button) showed [Ad Jh] and won (15,262) with Pair of Aces


Poker Hand #TM3542327968: Tournament #156057564, Bounty Hunters Big One $1.08 Hold'em No Limit - Level5(125/250) - 2024/08/02 12:21:13
Table '119' 8-max Seat #6 is the button
Seat 1: 3304fdf4 (8,945 in chips)
Seat 2: 5a75383a (8,016 in chips)
Seat 3: 6955142c (15,201 in chips)
Seat 4: Hero (12,453 in chips)
Seat 5: d2ee73cf (26,579 in chips)
Seat 6: 499b5156 (13,042 in chips)
Seat 7: 528b5658 (11,826 in chips)
Seat 8: cd6021da (9,835 in chips)
6955142c: posts the ante 35
499b5156: posts the ante 35
5a75383a: posts the ante 35
3304fdf4: posts the ante 35
528b5658: posts the ante 35
cd6021da: posts the ante 35
d2ee73cf: posts the ante 35
Hero: posts the ante 35
528b5658: posts small blind 125
cd6021da: posts big blind 250
*** HOLE CARDS ***
Dealt to 3304fdf4 
Dealt to 5a75383a 
Dealt to 6955142c 
Dealt to Hero [9h Ad]
Dealt to d2ee73cf 
Dealt to 499b5156 
Dealt to 528b5658 
Dealt to cd6021da 
3304fdf4: folds
5a75383a: raises 250 to 500
6955142c: calls 500
Hero: calls 500
d2ee73cf: calls 500
499b5156: folds
528b5658: folds
cd6021da: raises 2,905 to 3,405
5a75383a: folds
6955142c: calls 2,905
Hero: folds
d2ee73cf: calls 2,905
*** FLOP *** [4d 3d 9c]
cd6021da: bets 6,395 and is all-in
6955142c: folds
d2ee73cf: calls 6,395
cd6021da: shows [Jh Ks] (King-High)
d2ee73cf: shows [9s 9d] (Three Nines)
*** TURN *** [4d 3d 9c] [4c]
*** RIVER *** [4d 3d 9c 4c] [6s]
*** SHOWDOWN ***
d2ee73cf collected 24,410 from pot
*** SUMMARY ***
Total pot 24,410 | Rake 0 | Jackpot 0 | Bingo 0 | Fortune 0 | Tax 0
Board [4d 3d 9c 4c 6s]
Seat 1: 3304fdf4 folded before Flop
Seat 2: 5a75383a folded before Flop
Seat 3: 6955142c folded on the Flop
Seat 4: Hero folded before Flop
Seat 5: d2ee73cf showed [9s 9d] and won (24,410) with Nines Full over Fours
Seat 6: 499b5156 (button) folded before Flop
Seat 7: 528b5658 (small blind) folded before Flop
Seat 8: cd6021da (big blind) showed [Jh Ks] and lost with Pair of Fours


Poker Hand #TM3542327918: Tournament #156057564, Bounty Hunters Big One $1.08 Hold'em No Limit - Level5(125/250) - 2024/08/02 12:20:06
Table '119' 8-max Seat #5 is the button
Seat 1: 3304fdf4 (9,480 in chips)
Seat 2: 5a75383a (8,051 in chips)
Seat 3: 6955142c (16,748 in chips)
Seat 4: Hero (12,488 in chips)
Seat 5: d2ee73cf (27,114 in chips)
Seat 6: 499b5156 (10,035 in chips)
Seat 7: 528b5658 (12,111 in chips)
Seat 8: cd6021da (9,870 in chips)
6955142c: posts the ante 35
499b5156: posts the ante 35
5a75383a: posts the ante 35
3304fdf4: posts the ante 35
528b5658: posts the ante 35
cd6021da: posts the ante 35
d2ee73cf: posts the ante 35
Hero: posts the ante 35
499b5156: posts small blind 125
528b5658: posts big blind 250
*** HOLE CARDS ***
Dealt to 3304fdf4 
Dealt to 5a75383a 
Dealt to 6955142c 
Dealt to Hero [2d Jd]
Dealt to d2ee73cf 
Dealt to 499b5156 
Dealt to 528b5658 
Dealt to cd6021da 
cd6021da: folds
3304fdf4: raises 250 to 500
5a75383a: folds
6955142c: calls 500
Hero: folds
d2ee73cf: calls 500
499b5156: raises 1,012 to 1,512
528b5658: folds
3304fdf4: folds
6955142c: calls 1,012
d2ee73cf: folds
*** FLOP *** [9h 3h Jh]
499b5156: bets 1,822
6955142c: folds
Uncalled bet (1,822) returned to 499b5156
*** SHOWDOWN ***
499b5156 collected 4,554 from pot
*** SUMMARY ***
Total pot 4,554 | Rake 0 | Jackpot 0 | Bingo 0 | Fortune 0 | Tax 0
Board [9h 3h Jh]
Seat 1: 3304fdf4 folded before Flop
Seat 2: 5a75383a folded before Flop
Seat 3: 6955142c folded on the Flop
Seat 4: Hero folded before Flop
Seat 5: d2ee73cf (button) folded before Flop
Seat 6: 499b5156 (small blind) won (4,554)
Seat 7: 528b5658 (big blind) folded before Flop
Seat 8: cd6021da folded before Flop


Poker Hand #TM3542327881: Tournament #156057564, Bounty Hunters Big One $1.08 Hold'em No Limit - Level5(125/250) - 2024/08/02 12:19:18
Table '119' 8-max Seat #4 is the button
Seat 1: 3304fdf4 (9,515 in chips)
Seat 2: 5a75383a (8,086 in chips)
Seat 3: 6955142c (15,131 in chips)
Seat 4: Hero (12,523 in chips)
Seat 5: d2ee73cf (27,274 in chips)
Seat 6: 499b5156 (11,317 in chips)
Seat 7: 528b5658 (12,146 in chips)
Seat 8: cd6021da (9,905 in chips)
6955142c: posts the ante 35
499b5156: posts the ante 35
5a75383a: posts the ante 35
3304fdf4: posts the ante 35
528b5658: posts the ante 35
cd6021da: posts the ante 35
Hero: posts the ante 35
d2ee73cf: posts the ante 35
d2ee73cf: posts small blind 125
499b5156: posts big blind 250
*** HOLE CARDS ***
Dealt to 3304fdf4 
Dealt to 5a75383a 
Dealt to 6955142c 
Dealt to Hero [As 2h]
Dealt to d2ee73cf 
Dealt to 499b5156 
Dealt to 528b5658 
Dealt to cd6021da 
528b5658: folds
cd6021da: folds
3304fdf4: folds
5a75383a: folds
6955142c: calls 250
Hero: folds
d2ee73cf: folds
499b5156: raises 272 to 522
6955142c: calls 272
*** FLOP *** [Tc 8h 5c]
499b5156: checks
6955142c: bets 725
499b5156: calls 725
*** TURN *** [Tc 8h 5c] [Th]
499b5156: checks
6955142c: bets 2,175
499b5156: folds
Uncalled bet (2,175) returned to 6955142c
*** SHOWDOWN ***
6955142c collected 2,899 from pot
*** SUMMARY ***
Total pot 2,899 | Rake 0 | Jackpot 0 | Bingo 0 | Fortune 0 | Tax 0
Board [Tc 8h 5c Th]
Seat 1: 3304fdf4 folded before Flop
Seat 2: 5a75383a folded before Flop
Seat 3: 6955142c won (2,899)
Seat 4: Hero (button) folded before Flop
Seat 5: d2ee73cf (small blind) folded before Flop
Seat 6: 499b5156 (big blind) folded on the Turn
Seat 7: 528b5658 folded before Flop
Seat 8: cd6021da folded before Flop


Poker Hand #TM3542327828: Tournament #156057564, Bounty Hunters Big One $1.08 Hold'em No Limit - Level5(125/250) - 2024/08/02 12:18:11
Table '119' 8-max Seat #3 is the button
Seat 1: 3304fdf4 (9,550 in chips)
Seat 2: 5a75383a (8,121 in chips)
Seat 3: 6955142c (15,416 in chips)
Seat 4: Hero (12,683 in chips)
Seat 5: d2ee73cf (26,654 in chips)
Seat 6: 499b5156 (11,352 in chips)
Seat 7: 528b5658 (12,181 in chips)
Seat 8: cd6021da (9,940 in chips)
6955142c: posts the ante 35
499b5156: posts the ante 35
5a75383a: posts the ante 35
3304fdf4: posts the ante 35
528b5658: posts the ante 35
cd6021da: posts the ante 35
d2ee73cf: posts the ante 35
Hero: posts the ante 35
Hero: posts small blind 125
d2ee73cf: posts big blind 250
*** HOLE CARDS ***
Dealt to 3304fdf4 
Dealt to 5a75383a 
Dealt to 6955142c 
Dealt to Hero [8c 4s]
Dealt to d2ee73cf 
Dealt to 499b5156 
Dealt to 528b5658 
Dealt to cd6021da 
499b5156: folds
528b5658: folds
cd6021da: folds
3304fdf4: folds
5a75383a: folds
6955142c: calls 250
Hero: folds
d2ee73cf: checks
*** FLOP *** [9s Td Th]
d2ee73cf: checks
6955142c: checks
*** TURN *** [9s Td Th] [Qc]
d2ee73cf: checks
6955142c: checks
*** RIVER *** [9s Td Th Qc] [2c]
d2ee73cf: checks
6955142c: checks
d2ee73cf: shows [9c Jd] (Pair of Tens and Pair of Nines)
6955142c: shows [5c 4c] (Pair of Tens)
*** SHOWDOWN ***
d2ee73cf collected 905 from pot
*** SUMMARY ***
Total pot 905 | Rake 0 | Jackpot 0 | Bingo 0 | Fortune 0 | Tax 0
Board [9s Td Th Qc 2c]
Seat 1: 3304fdf4 folded before Flop
Seat 2: 5a75383a folded before Flop
Seat 3: 6955142c (button) showed [5c 4c] and lost with Pair of Tens
Seat 4: Hero (small blind) folded before Flop
Seat 5: d2ee73cf (big blind) showed [9c Jd] and won (905) with Pair of Tens and Pair of Nines
Seat 6: 499b5156 folded before Flop
Seat 7: 528b5658 folded before Flop
Seat 8: cd6021da folded before Flop


Poker Hand #TM3542327784: Tournament #156057564, Bounty Hunters Big One $1.08 Hold'em No Limit - Level4(100/200) - 2024/08/02 12:17:19
Table '119' 8-max Seat #2 is the button
Seat 1: 3304fdf4 (9,580 in chips)
Seat 2: 5a75383a (8,151 in chips)
Seat 3: 6955142c (16,718 in chips)
Seat 4: Hero (12,913 in chips)
Seat 5: d2ee73cf (27,284 in chips)
Seat 6: 499b5156 (9,070 in chips)
Seat 7: 528b5658 (12,211 in chips)
Seat 8: cd6021da (9,970 in chips)
6955142c: posts the ante 30
499b5156: posts the ante 30
5a75383a: posts the ante 30
3304fdf4: posts the ante 30
528b5658: posts the ante 30
cd6021da: posts the ante 30
d2ee73cf: posts the ante 30
Hero: posts the ante 30
6955142c: posts small blind 100
Hero: posts big blind 200
*** HOLE CARDS ***
Dealt to 3304fdf4 
Dealt to 5a75383a 
Dealt to 6955142c 
Dealt to Hero [Js 2d]
Dealt to d2ee73cf 
Dealt to 499b5156 
Dealt to 528b5658 
Dealt to cd6021da 
d2ee73cf: raises 400 to 600
499b5156: calls 600
528b5658: folds
cd6021da: folds
3304fdf4: folds
5a75383a: folds
6955142c: calls 500
Hero: folds
*** FLOP *** [7s 7d Tc]
6955142c: checks
d2ee73cf: checks
499b5156: bets 672
6955142c: calls 672
d2ee73cf: folds
*** TURN *** [7s 7d Tc] [Ks]
6955142c: checks
499b5156: bets 1,076
6955142c: folds
Uncalled bet (1,076) returned to 499b5156
*** SHOWDOWN ***
499b5156 collected 3,584 from pot
*** SUMMARY ***
Total pot 3,584 | Rake 0 | Jackpot 0 | Bingo 0 | Fortune 0 | Tax 0
Board [7s 7d Tc Ks]
Seat 1: 3304fdf4 folded before Flop
Seat 2: 5a75383a (button) folded before Flop
Seat 3: 6955142c (small blind) folded on the Turn
Seat 4: Hero (big blind) folded before Flop
Seat 5: d2ee73cf folded on the Flop
Seat 6: 499b5156 won (3,584)
Seat 7: 528b5658 folded before Flop
Seat 8: cd6021da folded before Flop


Poker Hand #TM3542327765: Tournament #156057564, Bounty Hunters Big One $1.08 Hold'em No Limit - Level4(100/200) - 2024/08/02 12:16:48
Table '119' 8-max Seat #1 is the button
Seat 1: 3304fdf4 (9,610 in chips)
Seat 2: 5a75383a (8,281 in chips)
Seat 3: 6955142c (15,508 in chips)
Seat 4: Hero (12,943 in chips)
Seat 5: d2ee73cf (27,314 in chips)
Seat 6: 499b5156 (10,000 in chips)
Seat 7: 528b5658 (12,241 in chips)
Seat 8: cd6021da (10,000 in chips)
6955142c: posts the ante 30
499b5156: posts the ante 30
5a75383a: posts the ante 30
3304fdf4: posts the ante 30
528b5658: posts the ante 30
cd6021da: posts the ante 30
d2ee73cf: posts the ante 30
Hero: posts the ante 30
5a75383a: posts small blind 100
6955142c: posts big blind 200
*** HOLE CARDS ***
Dealt to 3304fdf4 
Dealt to 5a75383a 
Dealt to 6955142c 
Dealt to Hero [Jh 3d]
Dealt to d2ee73cf 
Dealt to 499b5156 
Dealt to 528b5658 
Dealt to cd6021da 
Hero: folds
d2ee73cf: folds
499b5156: raises 700 to 900
528b5658: folds
cd6021da: folds
3304fdf4: folds
5a75383a: folds
6955142c: calls 700
*** FLOP *** [8d 6d 7s]
6955142c: checks
499b5156: checks
*** TURN *** [8d 6d 7s] [8h]
6955142c: bets 1,605
499b5156: folds
Uncalled bet (1,605) returned to 6955142c
499b5156: shows [Ah Kc] (Pair of Eights)
*** SHOWDOWN ***
6955142c collected 2,140 from pot
*** SUMMARY ***
Total pot 2,140 | Rake 0 | Jackpot 0 | Bingo 0 | Fortune 0 | Tax 0
Board [8d 6d 7s 8h]
Seat 1: 3304fdf4 (button) folded before Flop
Seat 2: 5a75383a (small blind) folded before Flop
Seat 3: 6955142c (big blind) won (2,140)
Seat 4: Hero folded before Flop
Seat 5: d2ee73cf folded before Flop
Seat 6: 499b5156 folded on the Turn
Seat 7: 528b5658 folded before Flop
Seat 8: cd6021da folded before Flop


Poker Hand #TM3542327693: Tournament #156057564, Bounty Hunters Big One $1.08 Hold'em No Limit - Level4(100/200) - 2024/08/02 12:15:13
Table '119' 8-max Seat #7 is the button
Seat 1: 3304fdf4 (9,740 in chips)
Seat 2: 5a75383a (9,111 in chips)
Seat 3: 6955142c (16,338 in chips)
Seat 4: Hero (13,173 in chips)
Seat 5: d2ee73cf (19,475 in chips)
Seat 6: 4f79776e (5,789 in chips)
Seat 7: 528b5658 (12,271 in chips)
6955142c: posts the ante 30
5a75383a: posts the ante 30
3304fdf4: posts the ante 30
528b5658: posts the ante 30
4f79776e: posts the ante 30
d2ee73cf: posts the ante 30
Hero: posts the ante 30
3304fdf4: posts small blind 100
5a75383a: posts big blind 200
*** HOLE CARDS ***
Dealt to 3304fdf4 
Dealt to 5a75383a 
Dealt to 6955142c 
Dealt to Hero [7h Kh]
Dealt to d2ee73cf 
Dealt to 4f79776e 
Dealt to 528b5658 
6955142c: calls 200
Hero: calls 200
d2ee73cf: raises 600 to 800
4f79776e: calls 800
528b5658: folds
3304fdf4: folds
5a75383a: calls 600
6955142c: calls 600
Hero: folds
*** FLOP *** [Qc 4h 5h]
5a75383a: checks
6955142c: checks
d2ee73cf: bets 1,855
4f79776e: calls 1,855
5a75383a: folds
6955142c: folds
*** TURN *** [Qc 4h 5h] [3c]
d2ee73cf: checks
4f79776e: bets 2,449
d2ee73cf: raises 2,449 to 4,898
4f79776e: calls 655 and is all-in
Uncalled bet (1,794) returned to d2ee73cf
d2ee73cf: shows [Ks Qs] (Pair of Queens)
4f79776e: shows [Qh Td] (Pair of Queens)
*** RIVER *** [Qc 4h 5h 3c] [4d]
*** SHOWDOWN ***
d2ee73cf collected 13,628 from pot
*** SUMMARY ***
Total pot 13,628 | Rake 0 | Jackpot 0 | Bingo 0 | Fortune 0 | Tax 0
Board [Qc 4h 5h 3c 4d]
Seat 1: 3304fdf4 (small blind) folded before Flop
Seat 2: 5a75383a (big blind) folded on the Flop
Seat 3: 6955142c folded on the Flop
Seat 4: Hero folded before Flop
Seat 5: d2ee73cf showed [Ks Qs] and won (13,628) with Pair of Queens and Pair of Fours
Seat 6: 4f79776e showed [Qh Td] and lost with Pair of Queens and Pair of Fours
Seat 7: 528b5658 (button) folded before Flop


Poker Hand #TM3542327661: Tournament #156057564, Bounty Hunters Big One $1.08 Hold'em No Limit - Level4(100/200) - 2024/08/02 12:14:32
Table '119' 8-max Seat #6 is the button
Seat 1: 3304fdf4 (9,970 in chips)
Seat 2: 5a75383a (10,000 in chips)
Seat 3: 6955142c (14,999 in chips)
Seat 4: Hero (13,203 in chips)
Seat 5: d2ee73cf (19,505 in chips)
Seat 6: 4f79776e (5,819 in chips)
Seat 7: 528b5658 (12,401 in chips)
6955142c: posts the ante 30
5a75383a: posts the ante 30
3304fdf4: posts the ante 30
528b5658: posts the ante 30
4f79776e: posts the ante 30
d2ee73cf: posts the ante 30
Hero: posts the ante 30
528b5658: posts small blind 100
3304fdf4: posts big blind 200
*** HOLE CARDS ***
Dealt to 3304fdf4 
Dealt to 5a75383a 
Dealt to 6955142c 
Dealt to Hero [Jc 4h]
Dealt to d2ee73cf 
Dealt to 4f79776e 
Dealt to 528b5658 
5a75383a: raises 200 to 400
6955142c: calls 400
Hero: folds
d2ee73cf: folds
4f79776e: folds
528b5658: folds
3304fdf4: folds
*** FLOP *** [As Ks 8h]
5a75383a: bets 459
6955142c: calls 459
*** TURN *** [As Ks 8h] [5d]
5a75383a: checks
6955142c: bets 1,114
5a75383a: folds
Uncalled bet (1,114) returned to 6955142c
*** SHOWDOWN ***
6955142c collected 2,228 from pot
*** SUMMARY ***
Total pot 2,228 | Rake 0 | Jackpot 0 | Bingo 0 | Fortune 0 | Tax 0
Board [As Ks 8h 5d]
Seat 1: 3304fdf4 (big blind) folded before Flop
Seat 2: 5a75383a folded on the Turn
Seat 3: 6955142c won (2,228)
Seat 4: Hero folded before Flop
Seat 5: d2ee73cf folded before Flop
Seat 6: 4f79776e (button) folded before Flop
Seat 7: 528b5658 (small blind) folded before Flop


Poker Hand #TM3542454506: Tournament #156057564, Bounty Hunters Big One $1.08 Hold'em No Limit - Level4(100/200) - 2024/08/02 12:12:57
Table '52' 8-max Seat #4 is the button
Seat 1: 979c6ce3 (5,831 in chips)
Seat 2: c95444fa (5,699 in chips)
Seat 3: 25f43a40 (11,666 in chips)
Seat 4: f6546f8d (7,651 in chips)
Seat 5: 89bafd2a (17,492 in chips)
Seat 6: 1b46144f (9,850 in chips)
Seat 7: Hero (11,993 in chips)
Seat 8: 226d6fdd (10,113 in chips)
1b46144f: posts the ante 30
979c6ce3: posts the ante 30
89bafd2a: posts the ante 30
f6546f8d: posts the ante 30
25f43a40: posts the ante 30
c95444fa: posts the ante 30
Hero: posts the ante 30
226d6fdd: posts the ante 30
89bafd2a: posts small blind 100
1b46144f: posts big blind 200
*** HOLE CARDS ***
Dealt to 979c6ce3 
Dealt to c95444fa 
Dealt to 25f43a40 
Dealt to f6546f8d 
Dealt to 89bafd2a 
Dealt to 1b46144f 
Dealt to Hero [Ts Kd]
Dealt to 226d6fdd 
Hero: raises 200 to 400
226d6fdd: folds
979c6ce3: calls 400
c95444fa: folds
25f43a40: folds
f6546f8d: folds
89bafd2a: calls 300
1b46144f: folds
*** FLOP *** [4d Kc Ac]
89bafd2a: checks
Hero: bets 542
979c6ce3: folds
89bafd2a: folds
Uncalled bet (542) returned to Hero
*** SHOWDOWN ***
Hero collected 1,640 from pot
*** SUMMARY ***
Total pot 1,640 | Rake 0 | Jackpot 0 | Bingo 0 | Fortune 0 | Tax 0
Board [4d Kc Ac]
Seat 1: 979c6ce3 folded on the Flop
Seat 2: c95444fa folded before Flop
Seat 3: 25f43a40 folded before Flop
Seat 4: f6546f8d (button) folded before Flop
Seat 5: 89bafd2a (small blind) folded on the Flop
Seat 6: 1b46144f (big blind) folded before Flop
Seat 7: Hero won (1,640)
Seat 8: 226d6fdd folded before Flop


Poker Hand #TM3542454455: Tournament #156057564, Bounty Hunters Big One $1.08 Hold'em No Limit - Level4(100/200) - 2024/08/02 12:11:58
Table '52' 8-max Seat #3 is the button
Seat 1: 979c6ce3 (5,861 in chips)
Seat 2: c95444fa (5,729 in chips)
Seat 3: 25f43a40 (11,696 in chips)
Seat 4: f6546f8d (7,781 in chips)
Seat 5: 89bafd2a (16,405 in chips)
Seat 6: 1b46144f (9,880 in chips)
Seat 7: Hero (12,800 in chips)
Seat 8: 226d6fdd (10,143 in chips)
1b46144f: posts the ante 30
979c6ce3: posts the ante 30
89bafd2a: posts the ante 30
f6546f8d: posts the ante 30
25f43a40: posts the ante 30
c95444fa: posts the ante 30
Hero: posts the ante 30
226d6fdd: posts the ante 30
f6546f8d: posts small blind 100
89bafd2a: posts big blind 200
*** HOLE CARDS ***
Dealt to 979c6ce3 
Dealt to c95444fa 
Dealt to 25f43a40 
Dealt to f6546f8d 
Dealt to 89bafd2a 
Dealt to 1b46144f 
Dealt to Hero [8h 9h]
Dealt to 226d6fdd 
1b46144f: folds
Hero: raises 200 to 400
226d6fdd: folds
979c6ce3: folds
c95444fa: folds
25f43a40: folds
f6546f8d: folds
89bafd2a: calls 200
*** FLOP *** [Jc 2h Ad]
89bafd2a: checks
Hero: bets 377
89bafd2a: calls 377
*** TURN *** [Jc 2h Ad] [Qs]
89bafd2a: checks
Hero: checks
*** RIVER *** [Jc 2h Ad Qs] [Jh]
89bafd2a: bets 626
Hero: folds
Uncalled bet (626) returned to 89bafd2a
*** SHOWDOWN ***
89bafd2a collected 1,894 from pot
*** SUMMARY ***
Total pot 1,894 | Rake 0 | Jackpot 0 | Bingo 0 | Fortune 0 | Tax 0
Board [Jc 2h Ad Qs Jh]
Seat 1: 979c6ce3 folded before Flop
Seat 2: c95444fa folded before Flop
Seat 3: 25f43a40 (button) folded before Flop
Seat 4: f6546f8d (small blind) folded before Flop
Seat 5: 89bafd2a (big blind) won (1,894)
Seat 6: 1b46144f folded before Flop
Seat 7: Hero folded on the River
Seat 8: 226d6fdd folded before Flop


Poker Hand #TM3542454391: Tournament #156057564, Bounty Hunters Big One $1.08 Hold'em No Limit - Level4(100/200) - 2024/08/02 12:10:53
Table '52' 8-max Seat #2 is the button
Seat 1: 979c6ce3 (5,891 in chips)
Seat 2: c95444fa (5,759 in chips)
Seat 3: 25f43a40 (11,286 in chips)
Seat 4: f6546f8d (8,011 in chips)
Seat 5: 89bafd2a (16,435 in chips)
Seat 6: 1b46144f (9,910 in chips)
Seat 7: Hero (12,830 in chips)
Seat 8: 226d6fdd (10,173 in chips)
1b46144f: posts the ante 30
979c6ce3: posts the ante 30
89bafd2a: posts the ante 30
f6546f8d: posts the ante 30
25f43a40: posts the ante 30
c95444fa: posts the ante 30
Hero: posts the ante 30
226d6fdd: posts the ante 30
25f43a40: posts small blind 100
f6546f8d: posts big blind 200
*** HOLE CARDS ***
Dealt to 979c6ce3 
Dealt to c95444fa 
Dealt to 25f43a40 
Dealt to f6546f8d 
Dealt to 89bafd2a 
Dealt to 1b46144f 
Dealt to Hero [5c 8c]
Dealt to 226d6fdd 
89bafd2a: folds
1b46144f: folds
Hero: folds
226d6fdd: folds
979c6ce3: folds
c95444fa: folds
25f43a40: calls 100
f6546f8d: checks
*** FLOP *** [5d Ah Ad]
25f43a40: checks
f6546f8d: checks
*** TURN *** [5d Ah Ad] [2h]
25f43a40: bets 212
f6546f8d: folds
Uncalled bet (212) returned to 25f43a40
*** SHOWDOWN ***
25f43a40 collected 640 from pot
*** SUMMARY ***
Total pot 640 | Rake 0 | Jackpot 0 | Bingo 0 | Fortune 0 | Tax 0
Board [5d Ah Ad 2h]
Seat 1: 979c6ce3 folded before Flop
Seat 2: c95444fa (button) folded before Flop
Seat 3: 25f43a40 (small blind) won (640)
Seat 4: f6546f8d (big blind) folded on the Turn
Seat 5: 89bafd2a folded before Flop
Seat 6: 1b46144f folded before Flop
Seat 7: Hero folded before Flop
Seat 8: 226d6fdd folded before Flop


Poker Hand #TM3542454298: Tournament #156057564, Bounty Hunters Big One $1.08 Hold'em No Limit - Level4(100/200) - 2024/08/02 12:09:03
Table '52' 8-max Seat #1 is the button
Seat 1: 979c6ce3 (5,921 in chips)
Seat 2: c95444fa (5,889 in chips)
Seat 3: 25f43a40 (11,716 in chips)
Seat 4: f6546f8d (8,041 in chips)
Seat 5: 89bafd2a (16,465 in chips)
Seat 6: 1b46144f (9,940 in chips)
Seat 7: Hero (6,075 in chips)
Seat 8: 226d6fdd (16,248 in chips)
1b46144f: posts the ante 30
979c6ce3: posts the ante 30
89bafd2a: posts the ante 30
f6546f8d: posts the ante 30
25f43a40: posts the ante 30
Hero: posts the ante 30
c95444fa: posts the ante 30
226d6fdd: posts the ante 30
c95444fa: posts small blind 100
25f43a40: posts big blind 200
*** HOLE CARDS ***
Dealt to 979c6ce3 
Dealt to c95444fa 
Dealt to 25f43a40 
Dealt to f6546f8d 
Dealt to 89bafd2a 
Dealt to 1b46144f 
Dealt to Hero [Jc Td]
Dealt to 226d6fdd 
f6546f8d: folds
89bafd2a: folds
1b46144f: folds
Hero: raises 200 to 400
226d6fdd: calls 400
979c6ce3: folds
c95444fa: folds
25f43a40: calls 200
*** FLOP *** [Qs 2h Kh]
25f43a40: checks
Hero: bets 509
226d6fdd: calls 509
25f43a40: folds
*** TURN *** [Qs 2h Kh] [Ah]
Hero: checks
226d6fdd: bets 845
Hero: calls 845
*** RIVER *** [Qs 2h Kh Ah] [6s]
Hero: checks
226d6fdd: bets 4,900
Hero: calls 4,291 and is all-in
Uncalled bet (609) returned to 226d6fdd
226d6fdd: shows [2s As] (Pair of Aces and Pair of Twos)
Hero: shows [Jc Td] (Aces-High Straight)
*** SHOWDOWN ***
Hero collected 12,830 from pot
*** SUMMARY ***
Total pot 12,830 | Rake 0 | Jackpot 0 | Bingo 0 | Fortune 0 | Tax 0
Board [Qs 2h Kh Ah 6s]
Seat 1: 979c6ce3 (button) folded before Flop
Seat 2: c95444fa (small blind) folded before Flop
Seat 3: 25f43a40 (big blind) folded on the Flop
Seat 4: f6546f8d folded before Flop
Seat 5: 89bafd2a folded before Flop
Seat 6: 1b46144f folded before Flop
Seat 7: Hero showed [Jc Td] and won (12,830) with Aces-High Straight
Seat 8: 226d6fdd showed [2s As] and lost with Pair of Aces and Pair of Twos


Poker Hand #TM3542454255: Tournament #156057564, Bounty Hunters Big One $1.08 Hold'em No Limit - Level4(100/200) - 2024/08/02 12:08:20
Table '52' 8-max Seat #8 is the button
Seat 1: 979c6ce3 (6,051 in chips)
Seat 2: c95444fa (6,119 in chips)
Seat 3: 25f43a40 (11,746 in chips)
Seat 4: f6546f8d (8,071 in chips)
Seat 5: 89bafd2a (15,955 in chips)
Seat 6: 1b46144f (9,970 in chips)
Seat 7: Hero (6,105 in chips)
Seat 8: 226d6fdd (16,278 in chips)
1b46144f: posts the ante 30
979c6ce3: posts the ante 30
89bafd2a: posts the ante 30
f6546f8d: posts the ante 30
25f43a40: posts the ante 30
Hero: posts the ante 30
c95444fa: posts the ante 30
226d6fdd: posts the ante 30
979c6ce3: posts small blind 100
c95444fa: posts big blind 200
*** HOLE CARDS ***
Dealt to 979c6ce3 
Dealt to c95444fa 
Dealt to 25f43a40 
Dealt to f6546f8d 
Dealt to 89bafd2a 
Dealt to 1b46144f 
Dealt to Hero [8d 7c]
Dealt to 226d6fdd 
25f43a40: folds
f6546f8d: folds
89bafd2a: raises 200 to 400
1b46144f: folds
Hero: folds
226d6fdd: folds
979c6ce3: folds
c95444fa: folds
Uncalled bet (200) returned to 89bafd2a
*** SHOWDOWN ***
89bafd2a collected 740 from pot
*** SUMMARY ***
Total pot 740 | Rake 0 | Jackpot 0 | Bingo 0 | Fortune 0 | Tax 0
Seat 1: 979c6ce3 (small blind) folded before Flop
Seat 2: c95444fa (big blind) folded before Flop
Seat 3: 25f43a40 folded before Flop
Seat 4: f6546f8d folded before Flop
Seat 5: 89bafd2a collected (740)
Seat 6: 1b46144f folded before Flop
Seat 7: Hero folded before Flop
Seat 8: 226d6fdd (button) folded before Flop


Poker Hand #TM3542454216: Tournament #156057564, Bounty Hunters Big One $1.08 Hold'em No Limit - Level4(100/200) - 2024/08/02 12:07:38
Table '52' 8-max Seat #7 is the button
Seat 1: 979c6ce3 (5,741 in chips)
Seat 2: c95444fa (6,149 in chips)
Seat 3: 25f43a40 (11,776 in chips)
Seat 4: f6546f8d (8,101 in chips)
Seat 5: 89bafd2a (15,985 in chips)
Seat 6: 1b46144f (10,000 in chips)
Seat 7: Hero (6,135 in chips)
Seat 8: 226d6fdd (16,408 in chips)
1b46144f: posts the ante 30
979c6ce3: posts the ante 30
89bafd2a: posts the ante 30
f6546f8d: posts the ante 30
25f43a40: posts the ante 30
Hero: posts the ante 30
c95444fa: posts the ante 30
226d6fdd: posts the ante 30
226d6fdd: posts small blind 100
979c6ce3: posts big blind 200
*** HOLE CARDS ***
Dealt to 979c6ce3 
Dealt to c95444fa 
Dealt to 25f43a40 
Dealt to f6546f8d 
Dealt to 89bafd2a 
Dealt to 1b46144f 
Dealt to Hero [Th 7c]
Dealt to 226d6fdd 
c95444fa: folds
25f43a40: folds
f6546f8d: folds
89bafd2a: folds
1b46144f: folds
Hero: folds
226d6fdd: folds
Uncalled bet (100) returned to 979c6ce3
*** SHOWDOWN ***
979c6ce3 collected 440 from pot
*** SUMMARY ***
Total pot 440 | Rake 0 | Jackpot 0 | Bingo 0 | Fortune 0 | Tax 0
Seat 1: 979c6ce3 (big blind) collected (440)
Seat 2: c95444fa folded before Flop
Seat 3: 25f43a40 folded before Flop
Seat 4: f6546f8d folded before Flop
Seat 5: 89bafd2a folded before Flop
Seat 6: 1b46144f folded before Flop
Seat 7: Hero (button) folded before Flop
Seat 8: 226d6fdd (small blind) folded before Flop


Poker Hand #TM3542454176: Tournament #156057564, Bounty Hunters Big One $1.08 Hold'em No Limit - Level3(80/160) - 2024/08/02 12:06:53
Table '52' 8-max Seat #5 is the button
Seat 1: 979c6ce3 (5,765 in chips)
Seat 2: c95444fa (6,173 in chips)
Seat 3: 25f43a40 (11,800 in chips)
Seat 4: f6546f8d (8,125 in chips)
Seat 5: 89bafd2a (16,009 in chips)
Seat 7: Hero (6,239 in chips)
Seat 8: 226d6fdd (16,184 in chips)
979c6ce3: posts the ante 24
89bafd2a: posts the ante 24
f6546f8d: posts the ante 24
25f43a40: posts the ante 24
c95444fa: posts the ante 24
Hero: posts the ante 24
226d6fdd: posts the ante 24
Hero: posts small blind 80
226d6fdd: posts big blind 160
*** HOLE CARDS ***
Dealt to 979c6ce3 
Dealt to c95444fa 
Dealt to 25f43a40 
Dealt to f6546f8d 
Dealt to 89bafd2a 
Dealt to Hero [6h 2d]
Dealt to 226d6fdd 
979c6ce3: folds
c95444fa: folds
25f43a40: folds
f6546f8d: folds
89bafd2a: folds
Hero: folds
Uncalled bet (80) returned to 226d6fdd
*** SHOWDOWN ***
226d6fdd collected 328 from pot
*** SUMMARY ***
Total pot 328 | Rake 0 | Jackpot 0 | Bingo 0 | Fortune 0 | Tax 0
Seat 1: 979c6ce3 folded before Flop
Seat 2: c95444fa folded before Flop
Seat 3: 25f43a40 folded before Flop
Seat 4: f6546f8d folded before Flop
Seat 5: 89bafd2a (button) folded before Flop
Seat 7: Hero (small blind) folded before Flop
Seat 8: 226d6fdd (big blind) collected (328)


Poker Hand #TM3542454116: Tournament #156057564, Bounty Hunters Big One $1.08 Hold'em No Limit - Level3(80/160) - 2024/08/02 12:05:53
Table '52' 8-max Seat #4 is the button
Seat 1: 979c6ce3 (5,789 in chips)
Seat 2: c95444fa (6,864 in chips)
Seat 3: 25f43a40 (11,824 in chips)
Seat 4: f6546f8d (8,149 in chips)
Seat 5: 89bafd2a (16,113 in chips)
Seat 7: Hero (5,348 in chips)
Seat 8: 226d6fdd (16,208 in chips)
979c6ce3: posts the ante 24
89bafd2a: posts the ante 24
f6546f8d: posts the ante 24
25f43a40: posts the ante 24
c95444fa: posts the ante 24
Hero: posts the ante 24
226d6fdd: posts the ante 24
89bafd2a: posts small blind 80
Hero: posts big blind 160
*** HOLE CARDS ***
Dealt to 979c6ce3 
Dealt to c95444fa 
Dealt to 25f43a40 
Dealt to f6546f8d 
Dealt to 89bafd2a 
Dealt to Hero [9s Ac]
Dealt to 226d6fdd 
226d6fdd: folds
979c6ce3: folds
c95444fa: raises 192 to 352
25f43a40: folds
f6546f8d: folds
89bafd2a: folds
Hero: calls 192
*** FLOP *** [7c Kc Jc]
Hero: checks
c95444fa: bets 315
Hero: calls 315
*** TURN *** [7c Kc Jc] [8s]
Hero: checks
c95444fa: checks
*** RIVER *** [7c Kc Jc 8s] [6c]
Hero: bets 1,978
c95444fa: folds
Uncalled bet (1,978) returned to Hero
*** SHOWDOWN ***
Hero collected 1,582 from pot
*** SUMMARY ***
Total pot 1,582 | Rake 0 | Jackpot 0 | Bingo 0 | Fortune 0 | Tax 0
Board [7c Kc Jc 8s 6c]
Seat 1: 979c6ce3 folded before Flop
Seat 2: c95444fa folded on the River
Seat 3: 25f43a40 folded before Flop
Seat 4: f6546f8d (button) folded before Flop
Seat 5: 89bafd2a (small blind) folded before Flop
Seat 7: Hero (big blind) won (1,582)
Seat 8: 226d6fdd folded before Flop


Poker Hand #TM3542454072: Tournament #156057564, Bounty Hunters Big One $1.08 Hold'em No Limit - Level3(80/160) - 2024/08/02 12:05:05
Table '52' 8-max Seat #3 is the button
Seat 1: 979c6ce3 (5,381 in chips)
Seat 2: c95444fa (6,888 in chips)
Seat 3: 25f43a40 (11,848 in chips)
Seat 4: f6546f8d (8,253 in chips)
Seat 5: 89bafd2a (16,297 in chips)
Seat 6: ef7e6fae (7,145 in chips)
Seat 7: Hero (5,372 in chips)
Seat 8: 226d6fdd (16,232 in chips)
979c6ce3: posts the ante 24
89bafd2a: posts the ante 24
ef7e6fae: posts the ante 24
f6546f8d: posts the ante 24
25f43a40: posts the ante 24
c95444fa: posts the ante 24
Hero: posts the ante 24
226d6fdd: posts the ante 24
f6546f8d: posts small blind 80
89bafd2a: posts big blind 160
*** HOLE CARDS ***
Dealt to 979c6ce3 
Dealt to c95444fa 
Dealt to 25f43a40 
Dealt to f6546f8d 
Dealt to 89bafd2a 
Dealt to ef7e6fae 
Dealt to Hero [Th 8c]
Dealt to 226d6fdd 
ef7e6fae: folds
Hero: folds
226d6fdd: folds
979c6ce3: raises 160 to 320
c95444fa: folds
25f43a40: folds
f6546f8d: folds
89bafd2a: folds
Uncalled bet (160) returned to 979c6ce3
*** SHOWDOWN ***
979c6ce3 collected 592 from pot
*** SUMMARY ***
Total pot 592 | Rake 0 | Jackpot 0 | Bingo 0 | Fortune 0 | Tax 0
Seat 1: 979c6ce3 collected (592)
Seat 2: c95444fa folded before Flop
Seat 3: 25f43a40 (button) folded before Flop
Seat 4: f6546f8d (small blind) folded before Flop
Seat 5: 89bafd2a (big blind) folded before Flop
Seat 6: ef7e6fae folded before Flop
Seat 7: Hero folded before Flop
Seat 8: 226d6fdd folded before Flop


Poker Hand #TM3542454047: Tournament #156057564, Bounty Hunters Big One $1.08 Hold'em No Limit - Level3(80/160) - 2024/08/02 12:04:31
Table '52' 8-max Seat #2 is the button
Seat 1: 979c6ce3 (5,405 in chips)
Seat 2: c95444fa (6,912 in chips)
Seat 3: 25f43a40 (11,200 in chips)
Seat 4: f6546f8d (8,437 in chips)
Seat 5: 89bafd2a (16,321 in chips)
Seat 6: ef7e6fae (7,489 in chips)
Seat 7: Hero (5,396 in chips)
Seat 8: 226d6fdd (16,256 in chips)
979c6ce3: posts the ante 24
89bafd2a: posts the ante 24
ef7e6fae: posts the ante 24
f6546f8d: posts the ante 24
25f43a40: posts the ante 24
c95444fa: posts the ante 24
Hero: posts the ante 24
226d6fdd: posts the ante 24
25f43a40: posts small blind 80
f6546f8d: posts big blind 160
*** HOLE CARDS ***
Dealt to 979c6ce3 
Dealt to c95444fa 
Dealt to 25f43a40 
Dealt to f6546f8d 
Dealt to 89bafd2a 
Dealt to ef7e6fae 
Dealt to Hero [Qd 7h]
Dealt to 226d6fdd 
89bafd2a: folds
ef7e6fae: raises 160 to 320
Hero: folds
226d6fdd: folds
979c6ce3: folds
c95444fa: folds
25f43a40: raises 640 to 960
f6546f8d: folds
ef7e6fae: folds
Uncalled bet (640) returned to 25f43a40
*** SHOWDOWN ***
25f43a40 collected 992 from pot
*** SUMMARY ***
Total pot 992 | Rake 0 | Jackpot 0 | Bingo 0 | Fortune 0 | Tax 0
Seat 1: 979c6ce3 folded before Flop
Seat 2: c95444fa (button) folded before Flop
Seat 3: 25f43a40 (small blind) collected (992)
Seat 4: f6546f8d (big blind) folded before Flop
Seat 5: 89bafd2a folded before Flop
Seat 6: ef7e6fae folded before Flop
Seat 7: Hero folded before Flop
Seat 8: 226d6fdd folded before Flop


Poker Hand #TM3542454005: Tournament #156057564, Bounty Hunters Big One $1.08 Hold'em No Limit - Level3(80/160) - 2024/08/02 12:03:46
Table '52' 8-max Seat #1 is the button
Seat 1: 979c6ce3 (5,429 in chips)
Seat 2: c95444fa (7,016 in chips)
Seat 3: 25f43a40 (11,384 in chips)
Seat 4: f6546f8d (8,461 in chips)
Seat 5: 89bafd2a (16,345 in chips)
Seat 6: ef7e6fae (7,513 in chips)
Seat 7: Hero (4,988 in chips)
Seat 8: 226d6fdd (16,280 in chips)
979c6ce3: posts the ante 24
89bafd2a: posts the ante 24
ef7e6fae: posts the ante 24
f6546f8d: posts the ante 24
25f43a40: posts the ante 24
Hero: posts the ante 24
c95444fa: posts the ante 24
226d6fdd: posts the ante 24
c95444fa: posts small blind 80
25f43a40: posts big blind 160
*** HOLE CARDS ***
Dealt to 979c6ce3 
Dealt to c95444fa 
Dealt to 25f43a40 
Dealt to f6546f8d 
Dealt to 89bafd2a 
Dealt to ef7e6fae 
Dealt to Hero [Ts Td]
Dealt to 226d6fdd 
f6546f8d: folds
89bafd2a: folds
ef7e6fae: folds
Hero: raises 800 to 960
226d6fdd: folds
979c6ce3: folds
c95444fa: folds
25f43a40: folds
Uncalled bet (800) returned to Hero
*** SHOWDOWN ***
Hero collected 592 from pot
*** SUMMARY ***
Total pot 592 | Rake 0 | Jackpot 0 | Bingo 0 | Fortune 0 | Tax 0
Seat 1: 979c6ce3 (button) folded before Flop
Seat 2: c95444fa (small blind) folded before Flop
Seat 3: 25f43a40 (big blind) folded before Flop
Seat 4: f6546f8d folded before Flop
Seat 5: 89bafd2a folded before Flop
Seat 6: ef7e6fae folded before Flop
Seat 7: Hero collected (592)
Seat 8: 226d6fdd folded before Flop


Poker Hand #TM3542453988: Tournament #156057564, Bounty Hunters Big One $1.08 Hold'em No Limit - Level3(80/160) - 2024/08/02 12:03:25
Table '52' 8-max Seat #8 is the button
Seat 1: 979c6ce3 (5,533 in chips)
Seat 2: c95444fa (6,768 in chips)
Seat 3: 25f43a40 (11,408 in chips)
Seat 4: f6546f8d (8,485 in chips)
Seat 5: 89bafd2a (16,369 in chips)
Seat 6: ef7e6fae (7,537 in chips)
Seat 7: Hero (5,012 in chips)
Seat 8: 226d6fdd (16,304 in chips)
979c6ce3: posts the ante 24
89bafd2a: posts the ante 24
ef7e6fae: posts the ante 24
f6546f8d: posts the ante 24
25f43a40: posts the ante 24
Hero: posts the ante 24
c95444fa: posts the ante 24
226d6fdd: posts the ante 24
979c6ce3: posts small blind 80
c95444fa: posts big blind 160
*** HOLE CARDS ***
Dealt to 979c6ce3 
Dealt to c95444fa 
Dealt to 25f43a40 
Dealt to f6546f8d 
Dealt to 89bafd2a 
Dealt to ef7e6fae 
Dealt to Hero [8d Jc]
Dealt to 226d6fdd 
25f43a40: folds
f6546f8d: folds
89bafd2a: folds
ef7e6fae: folds
Hero: folds
226d6fdd: folds
979c6ce3: folds
Uncalled bet (80) returned to c95444fa
*** SHOWDOWN ***
c95444fa collected 352 from pot
*** SUMMARY ***
Total pot 352 | Rake 0 | Jackpot 0 | Bingo 0 | Fortune 0 | Tax 0
Seat 1: 979c6ce3 (small blind) folded before Flop
Seat 2: c95444fa (big blind) collected (352)
Seat 3: 25f43a40 folded before Flop
Seat 4: f6546f8d folded before Flop
Seat 5: 89bafd2a folded before Flop
Seat 6: ef7e6fae folded before Flop
Seat 7: Hero folded before Flop
Seat 8: 226d6fdd (button) folded before Flop


Poker Hand #TM3542453931: Tournament #156057564, Bounty Hunters Big One $1.08 Hold'em No Limit - Level3(80/160) - 2024/08/02 12:02:25
Table '52' 8-max Seat #7 is the button
Seat 1: 979c6ce3 (5,717 in chips)
Seat 2: c95444fa (5,384 in chips)
Seat 3: 25f43a40 (11,432 in chips)
Seat 4: f6546f8d (8,861 in chips)
Seat 5: 89bafd2a (16,393 in chips)
Seat 6: ef7e6fae (7,913 in chips)
Seat 7: Hero (5,036 in chips)
Seat 8: 226d6fdd (16,680 in chips)
979c6ce3: posts the ante 24
89bafd2a: posts the ante 24
ef7e6fae: posts the ante 24
f6546f8d: posts the ante 24
25f43a40: posts the ante 24
Hero: posts the ante 24
c95444fa: posts the ante 24
226d6fdd: posts the ante 24
226d6fdd: posts small blind 80
979c6ce3: posts big blind 160
*** HOLE CARDS ***
Dealt to 979c6ce3 
Dealt to c95444fa 
Dealt to 25f43a40 
Dealt to f6546f8d 
Dealt to 89bafd2a 
Dealt to ef7e6fae 
Dealt to Hero [6c 9c]
Dealt to 226d6fdd 
c95444fa: raises 192 to 352
25f43a40: folds
f6546f8d: calls 352
89bafd2a: folds
ef7e6fae: calls 352
Hero: folds
226d6fdd: calls 272
979c6ce3: folds
*** FLOP *** [Ad 5c Ac]
226d6fdd: checks
c95444fa: bets 880
f6546f8d: folds
ef7e6fae: folds
226d6fdd: folds
Uncalled bet (880) returned to c95444fa
*** SHOWDOWN ***
c95444fa collected 1,760 from pot
*** SUMMARY ***
Total pot 1,760 | Rake 0 | Jackpot 0 | Bingo 0 | Fortune 0 | Tax 0
Board [Ad 5c Ac]
Seat 1: 979c6ce3 (big blind) folded before Flop
Seat 2: c95444fa won (1,760)
Seat 3: 25f43a40 folded before Flop
Seat 4: f6546f8d folded on the Flop
Seat 5: 89bafd2a folded before Flop
Seat 6: ef7e6fae folded on the Flop
Seat 7: Hero (button) folded before Flop
Seat 8: 226d6fdd (small blind) folded on the Flop


Poker Hand #TM3542453845: Tournament #156057564, Bounty Hunters Big One $1.08 Hold'em No Limit - Level3(80/160) - 2024/08/02 11:54:31
Table '52' 8-max Seat #6 is the button
Seat 1: 979c6ce3 (5,741 in chips)
Seat 2: c95444fa (5,408 in chips)
Seat 3: 25f43a40 (13,407 in chips)
Seat 4: f6546f8d (8,885 in chips)
Seat 5: 89bafd2a (16,417 in chips)
Seat 6: ef7e6fae (7,937 in chips)
Seat 7: Hero (5,140 in chips)
Seat 8: 226d6fdd (14,481 in chips)
979c6ce3: posts the ante 24
89bafd2a: posts the ante 24
ef7e6fae: posts the ante 24
f6546f8d: posts the ante 24
25f43a40: posts the ante 24
c95444fa: posts the ante 24
Hero: posts the ante 24
226d6fdd: posts the ante 24
Hero: posts small blind 80
226d6fdd: posts big blind 160
*** HOLE CARDS ***
Dealt to 979c6ce3 
Dealt to c95444fa 
Dealt to 25f43a40 
Dealt to f6546f8d 
Dealt to 89bafd2a 
Dealt to ef7e6fae 
Dealt to Hero [2h 5d]
Dealt to 226d6fdd 
979c6ce3: folds
c95444fa: folds
25f43a40: raises 160 to 320
f6546f8d: folds
89bafd2a: folds
ef7e6fae: folds
Hero: folds
226d6fdd: calls 160
*** FLOP *** [3c 9c 8d]
226d6fdd: checks
25f43a40: bets 301
226d6fdd: raises 500 to 801
25f43a40: calls 500
*** TURN *** [3c 9c 8d] [3d]
226d6fdd: checks
25f43a40: checks
*** RIVER *** [3c 9c 8d 3d] [7d]
226d6fdd: bets 830
25f43a40: calls 830
226d6fdd: shows [9h Ah] (Pair of Nines and Pair of Treys)
25f43a40: shows [9s Js] (Pair of Nines and Pair of Treys)
*** SHOWDOWN ***
226d6fdd collected 4,174 from pot
*** SUMMARY ***
Total pot 4,174 | Rake 0 | Jackpot 0 | Bingo 0 | Fortune 0 | Tax 0
Board [3c 9c 8d 3d 7d]
Seat 1: 979c6ce3 folded before Flop
Seat 2: c95444fa folded before Flop
Seat 3: 25f43a40 showed [9s Js] and lost with Pair of Nines and Pair of Treys
Seat 4: f6546f8d folded before Flop
Seat 5: 89bafd2a folded before Flop
Seat 6: ef7e6fae (button) folded before Flop
Seat 7: Hero (small blind) folded before Flop
Seat 8: 226d6fdd (big blind) showed [9h Ah] and won (4,174) with Pair of Nines and Pair of Treys


Poker Hand #TM3542453820: Tournament #156057564, Bounty Hunters Big One $1.08 Hold'em No Limit - Level3(80/160) - 2024/08/02 11:54:08
Table '52' 8-max Seat #5 is the button
Seat 1: 979c6ce3 (5,333 in chips)
Seat 2: c95444fa (5,432 in chips)
Seat 3: 25f43a40 (13,431 in chips)
Seat 4: f6546f8d (8,909 in chips)
Seat 5: 89bafd2a (16,441 in chips)
Seat 6: ef7e6fae (8,041 in chips)
Seat 7: Hero (5,324 in chips)
Seat 8: 226d6fdd (14,505 in chips)
979c6ce3: posts the ante 24
89bafd2a: posts the ante 24
f6546f8d: posts the ante 24
ef7e6fae: posts the ante 24
25f43a40: posts the ante 24
c95444fa: posts the ante 24
Hero: posts the ante 24
226d6fdd: posts the ante 24
ef7e6fae: posts small blind 80
Hero: posts big blind 160
*** HOLE CARDS ***
Dealt to 979c6ce3 
Dealt to c95444fa 
Dealt to 25f43a40 
Dealt to f6546f8d 
Dealt to 89bafd2a 
Dealt to ef7e6fae 
Dealt to Hero [9s 5h]
Dealt to 226d6fdd 
226d6fdd: folds
979c6ce3: raises 160 to 320
c95444fa: folds
25f43a40: folds
f6546f8d: folds
89bafd2a: folds
ef7e6fae: folds
Hero: folds
Uncalled bet (160) returned to 979c6ce3
*** SHOWDOWN ***
979c6ce3 collected 592 from pot
*** SUMMARY ***
Total pot 592 | Rake 0 | Jackpot 0 | Bingo 0 | Fortune 0 | Tax 0
Seat 1: 979c6ce3 collected (592)
Seat 2: c95444fa folded before Flop
Seat 3: 25f43a40 folded before Flop
Seat 4: f6546f8d folded before Flop
Seat 5: 89bafd2a (button) folded before Flop
Seat 6: ef7e6fae (small blind) folded before Flop
Seat 7: Hero (big blind) folded before Flop
Seat 8: 226d6fdd folded before Flop


Poker Hand #TM3542453757: Tournament #156057564, Bounty Hunters Big One $1.08 Hold'em No Limit - Level3(80/160) - 2024/08/02 11:52:57
Table '52' 8-max Seat #4 is the button
Seat 1: 979c6ce3 (5,357 in chips)
Seat 2: c95444fa (5,456 in chips)
Seat 3: 25f43a40 (14,208 in chips)
Seat 4: f6546f8d (7,508 in chips)
Seat 5: 89bafd2a (16,785 in chips)
Seat 6: ef7e6fae (8,225 in chips)
Seat 7: Hero (5,348 in chips)
Seat 8: 226d6fdd (14,529 in chips)
979c6ce3: posts the ante 24
89bafd2a: posts the ante 24
f6546f8d: posts the ante 24
ef7e6fae: posts the ante 24
25f43a40: posts the ante 24
c95444fa: posts the ante 24
Hero: posts the ante 24
226d6fdd: posts the ante 24
89bafd2a: posts small blind 80
ef7e6fae: posts big blind 160
*** HOLE CARDS ***
Dealt to 979c6ce3 
Dealt to c95444fa 
Dealt to 25f43a40 
Dealt to f6546f8d 
Dealt to 89bafd2a 
Dealt to ef7e6fae 
Dealt to Hero [9d 5c]
Dealt to 226d6fdd 
Hero: folds
226d6fdd: folds
979c6ce3: folds
c95444fa: folds
25f43a40: raises 160 to 320
f6546f8d: calls 320
89bafd2a: calls 240
ef7e6fae: folds
*** FLOP *** [5s 9s Jh]
89bafd2a: checks
25f43a40: bets 433
f6546f8d: raises 1,007 to 1,440
89bafd2a: folds
25f43a40: folds
Uncalled bet (1,007) returned to f6546f8d
*** SHOWDOWN ***
f6546f8d collected 2,178 from pot
*** SUMMARY ***
Total pot 2,178 | Rake 0 | Jackpot 0 | Bingo 0 | Fortune 0 | Tax 0
Board [5s 9s Jh]
Seat 1: 979c6ce3 folded before Flop
Seat 2: c95444fa folded before Flop
Seat 3: 25f43a40 folded on the Flop
Seat 4: f6546f8d (button) won (2,178)
Seat 5: 89bafd2a (small blind) folded on the Flop
Seat 6: ef7e6fae (big blind) folded before Flop
Seat 7: Hero folded before Flop
Seat 8: 226d6fdd folded before Flop


Poker Hand #TM3542453690: Tournament #156057564, Bounty Hunters Big One $1.08 Hold'em No Limit - Level3(80/160) - 2024/08/02 11:51:45
Table '52' 8-max Seat #3 is the button
Seat 1: 979c6ce3 (5,381 in chips)
Seat 2: c95444fa (5,480 in chips)
Seat 3: 25f43a40 (14,232 in chips)
Seat 4: f6546f8d (9,720 in chips)
Seat 5: 89bafd2a (14,429 in chips)
Seat 6: ef7e6fae (8,249 in chips)
Seat 7: Hero (5,372 in chips)
Seat 8: 226d6fdd (14,553 in chips)
979c6ce3: posts the ante 24
89bafd2a: posts the ante 24
ef7e6fae: posts the ante 24
f6546f8d: posts the ante 24
25f43a40: posts the ante 24
c95444fa: posts the ante 24
Hero: posts the ante 24
226d6fdd: posts the ante 24
f6546f8d: posts small blind 80
89bafd2a: posts big blind 160
*** HOLE CARDS ***
Dealt to 979c6ce3 
Dealt to c95444fa 
Dealt to 25f43a40 
Dealt to f6546f8d 
Dealt to 89bafd2a 
Dealt to ef7e6fae 
Dealt to Hero [6h Jc]
Dealt to 226d6fdd 
ef7e6fae: folds
Hero: folds
226d6fdd: folds
979c6ce3: folds
c95444fa: folds
25f43a40: folds
f6546f8d: calls 80
89bafd2a: raises 400 to 560
f6546f8d: calls 400
*** FLOP *** [2d 2s 4s]
f6546f8d: checks
89bafd2a: bets 320
f6546f8d: calls 320
*** TURN *** [2d 2s 4s] [8d]
f6546f8d: checks
89bafd2a: bets 1,308
f6546f8d: calls 1,308
*** RIVER *** [2d 2s 4s 8d] [7s]
f6546f8d: checks
89bafd2a: checks
f6546f8d: shows [Qh Jd] (Pair of Twos)
89bafd2a: shows [3d Ks] (Pair of Twos)
*** SHOWDOWN ***
89bafd2a collected 4,568 from pot
*** SUMMARY ***
Total pot 4,568 | Rake 0 | Jackpot 0 | Bingo 0 | Fortune 0 | Tax 0
Board [2d 2s 4s 8d 7s]
Seat 1: 979c6ce3 folded before Flop
Seat 2: c95444fa folded before Flop
Seat 3: 25f43a40 (button) folded before Flop
Seat 4: f6546f8d (small blind) showed [Qh Jd] and lost with Pair of Twos
Seat 5: 89bafd2a (big blind) showed [3d Ks] and won (4,568) with Pair of Twos
Seat 6: ef7e6fae folded before Flop
Seat 7: Hero folded before Flop
Seat 8: 226d6fdd folded before Flop


Poker Hand #TM3542453657: Tournament #156057564, Bounty Hunters Big One $1.08 Hold'em No Limit - Level3(80/160) - 2024/08/02 11:51:06
Table '52' 8-max Seat #2 is the button
Seat 1: 979c6ce3 (5,405 in chips)
Seat 2: c95444fa (5,504 in chips)
Seat 3: 25f43a40 (14,336 in chips)
Seat 4: f6546f8d (9,904 in chips)
Seat 5: 89bafd2a (14,453 in chips)
Seat 6: ef7e6fae (8,273 in chips)
Seat 7: Hero (5,396 in chips)
Seat 8: 226d6fdd (14,145 in chips)
979c6ce3: posts the ante 24
89bafd2a: posts the ante 24
ef7e6fae: posts the ante 24
f6546f8d: posts the ante 24
25f43a40: posts the ante 24
c95444fa: posts the ante 24
Hero: posts the ante 24
226d6fdd: posts the ante 24
25f43a40: posts small blind 80
f6546f8d: posts big blind 160
*** HOLE CARDS ***
Dealt to 979c6ce3 
Dealt to c95444fa 
Dealt to 25f43a40 
Dealt to f6546f8d 
Dealt to 89bafd2a 
Dealt to ef7e6fae 
Dealt to Hero [3c Qs]
Dealt to 226d6fdd 
89bafd2a: folds
ef7e6fae: folds
Hero: folds
226d6fdd: raises 160 to 320
979c6ce3: folds
c95444fa: folds
25f43a40: folds
f6546f8d: folds
Uncalled bet (160) returned to 226d6fdd
*** SHOWDOWN ***
226d6fdd collected 592 from pot
*** SUMMARY ***
Total pot 592 | Rake 0 | Jackpot 0 | Bingo 0 | Fortune 0 | Tax 0
Seat 1: 979c6ce3 folded before Flop
Seat 2: c95444fa (button) folded before Flop
Seat 3: 25f43a40 (small blind) folded before Flop
Seat 4: f6546f8d (big blind) folded before Flop
Seat 5: 89bafd2a folded before Flop
Seat 6: ef7e6fae folded before Flop
Seat 7: Hero folded before Flop
Seat 8: 226d6fdd collected (592)


Poker Hand #TM3542453618: Tournament #156057564, Bounty Hunters Big One $1.08 Hold'em No Limit - Level3(80/160) - 2024/08/02 11:50:26
Table '52' 8-max Seat #1 is the button
Seat 1: 979c6ce3 (5,429 in chips)
Seat 2: c95444fa (5,608 in chips)
Seat 3: 25f43a40 (15,136 in chips)
Seat 4: f6546f8d (9,928 in chips)
Seat 5: 89bafd2a (13,429 in chips)
Seat 6: ef7e6fae (8,297 in chips)
Seat 7: Hero (5,420 in chips)
Seat 8: 226d6fdd (14,169 in chips)
979c6ce3: posts the ante 24
89bafd2a: posts the ante 24
ef7e6fae: posts the ante 24
f6546f8d: posts the ante 24
25f43a40: posts the ante 24
Hero: posts the ante 24
c95444fa: posts the ante 24
226d6fdd: posts the ante 24
c95444fa: posts small blind 80
25f43a40: posts big blind 160
*** HOLE CARDS ***
Dealt to 979c6ce3 
Dealt to c95444fa 
Dealt to 25f43a40 
Dealt to f6546f8d 
Dealt to 89bafd2a 
Dealt to ef7e6fae 
Dealt to Hero [5h 3c]
Dealt to 226d6fdd 
f6546f8d: folds
89bafd2a: raises 160 to 320
ef7e6fae: folds
Hero: folds
226d6fdd: folds
979c6ce3: folds
c95444fa: folds
25f43a40: calls 160
*** FLOP *** [5s 2s Qh]
25f43a40: checks
89bafd2a: bets 456
25f43a40: calls 456
*** TURN *** [5s 2s Qh] [Kd]
25f43a40: checks
89bafd2a: bets 1,223
25f43a40: folds
Uncalled bet (1,223) returned to 89bafd2a
*** SHOWDOWN ***
89bafd2a collected 1,824 from pot
*** SUMMARY ***
Total pot 1,824 | Rake 0 | Jackpot 0 | Bingo 0 | Fortune 0 | Tax 0
Board [5s 2s Qh Kd]
Seat 1: 979c6ce3 (button) folded before Flop
Seat 2: c95444fa (small blind) folded before Flop
Seat 3: 25f43a40 (big blind) folded on the Turn
Seat 4: f6546f8d folded before Flop
Seat 5: 89bafd2a won (1,824)
Seat 6: ef7e6fae folded before Flop
Seat 7: Hero folded before Flop
Seat 8: 226d6fdd folded before Flop


Poker Hand #TM3542453565: Tournament #156057564, Bounty Hunters Big One $1.08 Hold'em No Limit - Level2(60/120) - 2024/08/02 11:49:21
Table '52' 8-max Seat #8 is the button
Seat 1: 979c6ce3 (5,507 in chips)
Seat 2: c95444fa (6,171 in chips)
Seat 3: 25f43a40 (15,699 in chips)
Seat 4: f6546f8d (9,946 in chips)
Seat 5: 89bafd2a (13,447 in chips)
Seat 6: ef7e6fae (8,315 in chips)
Seat 7: Hero (5,438 in chips)
Seat 8: 226d6fdd (12,893 in chips)
979c6ce3: posts the ante 18
89bafd2a: posts the ante 18
ef7e6fae: posts the ante 18
f6546f8d: posts the ante 18
25f43a40: posts the ante 18
Hero: posts the ante 18
c95444fa: posts the ante 18
226d6fdd: posts the ante 18
979c6ce3: posts small blind 60
c95444fa: posts big blind 120
*** HOLE CARDS ***
Dealt to 979c6ce3 
Dealt to c95444fa 
Dealt to 25f43a40 
Dealt to f6546f8d 
Dealt to 89bafd2a 
Dealt to ef7e6fae 
Dealt to Hero [6d 5c]
Dealt to 226d6fdd 
25f43a40: raises 120 to 240
f6546f8d: folds
89bafd2a: folds
ef7e6fae: folds
Hero: folds
226d6fdd: calls 240
979c6ce3: folds
c95444fa: calls 120
*** FLOP *** [Kc Ah Td]
c95444fa: checks
25f43a40: checks
226d6fdd: bets 305
c95444fa: calls 305
25f43a40: calls 305
*** TURN *** [Kc Ah Td] [8c]
c95444fa: checks
25f43a40: checks
226d6fdd: bets 607
c95444fa: folds
25f43a40: folds
Uncalled bet (607) returned to 226d6fdd
*** SHOWDOWN ***
226d6fdd collected 1,839 from pot
*** SUMMARY ***
Total pot 1,839 | Rake 0 | Jackpot 0 | Bingo 0 | Fortune 0 | Tax 0
Board [Kc Ah Td 8c]
Seat 1: 979c6ce3 (small blind) folded before Flop
Seat 2: c95444fa (big blind) folded on the Turn
Seat 3: 25f43a40 folded on the Turn
Seat 4: f6546f8d folded before Flop
Seat 5: 89bafd2a folded before Flop
Seat 6: ef7e6fae folded before Flop
Seat 7: Hero folded before Flop
Seat 8: 226d6fdd (button) won (1,839)


Poker Hand #TM3542453517: Tournament #156057564, Bounty Hunters Big One $1.08 Hold'em No Limit - Level2(60/120) - 2024/08/02 11:48:26
Table '52' 8-max Seat #7 is the button
Seat 1: 979c6ce3 (5,645 in chips)
Seat 2: c95444fa (6,189 in chips)
Seat 3: 25f43a40 (15,717 in chips)
Seat 4: f6546f8d (9,964 in chips)
Seat 5: 89bafd2a (13,465 in chips)
Seat 6: ef7e6fae (8,333 in chips)
Seat 7: Hero (5,456 in chips)
Seat 8: 226d6fdd (12,647 in chips)
979c6ce3: posts the ante 18
89bafd2a: posts the ante 18
ef7e6fae: posts the ante 18
f6546f8d: posts the ante 18
25f43a40: posts the ante 18
Hero: posts the ante 18
c95444fa: posts the ante 18
226d6fdd: posts the ante 18
226d6fdd: posts small blind 60
979c6ce3: posts big blind 120
*** HOLE CARDS ***
Dealt to 979c6ce3 
Dealt to c95444fa 
Dealt to 25f43a40 
Dealt to f6546f8d 
Dealt to 89bafd2a 
Dealt to ef7e6fae 
Dealt to Hero [4d 8s]
Dealt to 226d6fdd 
c95444fa: folds
25f43a40: folds
f6546f8d: folds
89bafd2a: folds
ef7e6fae: folds
Hero: folds
226d6fdd: calls 60
979c6ce3: checks
*** FLOP *** [6c As 7d]
226d6fdd: bets 127
979c6ce3: folds
Uncalled bet (127) returned to 226d6fdd
*** SHOWDOWN ***
226d6fdd collected 384 from pot
*** SUMMARY ***
Total pot 384 | Rake 0 | Jackpot 0 | Bingo 0 | Fortune 0 | Tax 0
Board [6c As 7d]
Seat 1: 979c6ce3 (big blind) folded on the Flop
Seat 2: c95444fa folded before Flop
Seat 3: 25f43a40 folded before Flop
Seat 4: f6546f8d folded before Flop
Seat 5: 89bafd2a folded before Flop
Seat 6: ef7e6fae folded before Flop
Seat 7: Hero (button) folded before Flop
Seat 8: 226d6fdd (small blind) won (384)


Poker Hand #TM3542453442: Tournament #156057564, Bounty Hunters Big One $1.08 Hold'em No Limit - Level2(60/120) - 2024/08/02 11:47:07
Table '52' 8-max Seat #6 is the button
Seat 1: 979c6ce3 (5,663 in chips)
Seat 2: c95444fa (6,207 in chips)
Seat 3: 25f43a40 (15,735 in chips)
Seat 4: f6546f8d (9,982 in chips)
Seat 5: 89bafd2a (13,483 in chips)
Seat 6: ef7e6fae (8,591 in chips)
Seat 7: Hero (4,850 in chips)
Seat 8: 226d6fdd (12,905 in chips)
979c6ce3: posts the ante 18
89bafd2a: posts the ante 18
ef7e6fae: posts the ante 18
f6546f8d: posts the ante 18
25f43a40: posts the ante 18
c95444fa: posts the ante 18
Hero: posts the ante 18
226d6fdd: posts the ante 18
Hero: posts small blind 60
226d6fdd: posts big blind 120
*** HOLE CARDS ***
Dealt to 979c6ce3 
Dealt to c95444fa 
Dealt to 25f43a40 
Dealt to f6546f8d 
Dealt to 89bafd2a 
Dealt to ef7e6fae 
Dealt to Hero [Jh Kc]
Dealt to 226d6fdd 
979c6ce3: folds
c95444fa: folds
25f43a40: folds
f6546f8d: folds
89bafd2a: folds
ef7e6fae: raises 120 to 240
Hero: calls 180
226d6fdd: calls 120
*** FLOP *** [4s 7c Ks]
Hero: checks
226d6fdd: checks
ef7e6fae: checks
*** TURN *** [4s 7c Ks] [Td]
Hero: bets 286
226d6fdd: folds
ef7e6fae: folds
Uncalled bet (286) returned to Hero
*** SHOWDOWN ***
Hero collected 864 from pot
*** SUMMARY ***
Total pot 864 | Rake 0 | Jackpot 0 | Bingo 0 | Fortune 0 | Tax 0
Board [4s 7c Ks Td]
Seat 1: 979c6ce3 folded before Flop
Seat 2: c95444fa folded before Flop
Seat 3: 25f43a40 folded before Flop
Seat 4: f6546f8d folded before Flop
Seat 5: 89bafd2a folded before Flop
Seat 6: ef7e6fae (button) folded on the Turn
Seat 7: Hero (small blind) won (864)
Seat 8: 226d6fdd (big blind) folded on the Turn


Poker Hand #TM3542453417: Tournament #156057564, Bounty Hunters Big One $1.08 Hold'em No Limit - Level2(60/120) - 2024/08/02 11:46:32
Table '52' 8-max Seat #5 is the button
Seat 1: 979c6ce3 (5,681 in chips)
Seat 2: c95444fa (5,901 in chips)
Seat 3: 25f43a40 (15,753 in chips)
Seat 4: f6546f8d (10,000 in chips)
Seat 5: 89bafd2a (13,501 in chips)
Seat 6: ef7e6fae (8,669 in chips)
Seat 7: Hero (4,988 in chips)
Seat 8: 226d6fdd (12,923 in chips)
979c6ce3: posts the ante 18
89bafd2a: posts the ante 18
f6546f8d: posts the ante 18
ef7e6fae: posts the ante 18
25f43a40: posts the ante 18
c95444fa: posts the ante 18
Hero: posts the ante 18
226d6fdd: posts the ante 18
ef7e6fae: posts small blind 60
Hero: posts big blind 120
*** HOLE CARDS ***
Dealt to 979c6ce3 
Dealt to c95444fa 
Dealt to 25f43a40 
Dealt to f6546f8d 
Dealt to 89bafd2a 
Dealt to ef7e6fae 
Dealt to Hero [8s As]
Dealt to 226d6fdd 
226d6fdd: folds
979c6ce3: folds
c95444fa: raises 5,763 to 5,883 and is all-in
25f43a40: folds
f6546f8d: folds
89bafd2a: folds
ef7e6fae: folds
Hero: folds
Uncalled bet (5,763) returned to c95444fa
*** SHOWDOWN ***
c95444fa collected 444 from pot
*** SUMMARY ***
Total pot 444 | Rake 0 | Jackpot 0 | Bingo 0 | Fortune 0 | Tax 0
Seat 1: 979c6ce3 folded before Flop
Seat 2: c95444fa collected (444)
Seat 3: 25f43a40 folded before Flop
Seat 4: f6546f8d folded before Flop
Seat 5: 89bafd2a (button) folded before Flop
Seat 6: ef7e6fae (small blind) folded before Flop
Seat 7: Hero (big blind) folded before Flop
Seat 8: 226d6fdd folded before Flop


Poker Hand #TM3542453344: Tournament #156057564, Bounty Hunters Big One $1.08 Hold'em No Limit - Level2(60/120) - 2024/08/02 11:45:14
Table '52' 8-max Seat #3 is the button
Seat 1: 979c6ce3 (5,699 in chips)
Seat 2: c95444fa (13,266 in chips)
Seat 3: 25f43a40 (7,365 in chips)
Seat 5: 89bafd2a (13,579 in chips)
Seat 6: ef7e6fae (8,807 in chips)
Seat 7: Hero (5,759 in chips)
Seat 8: 226d6fdd (12,941 in chips)
979c6ce3: posts the ante 18
89bafd2a: posts the ante 18
ef7e6fae: posts the ante 18
25f43a40: posts the ante 18
c95444fa: posts the ante 18
Hero: posts the ante 18
226d6fdd: posts the ante 18
89bafd2a: posts small blind 60
ef7e6fae: posts big blind 120
*** HOLE CARDS ***
Dealt to 979c6ce3 
Dealt to c95444fa 
Dealt to 25f43a40 
Dealt to 89bafd2a 
Dealt to ef7e6fae 
Dealt to Hero [9c Ac]
Dealt to 226d6fdd 
Hero: raises 120 to 240
226d6fdd: folds
979c6ce3: folds
c95444fa: calls 240
25f43a40: calls 240
89bafd2a: folds
ef7e6fae: folds
*** FLOP *** [8d 9h Qs]
Hero: checks
c95444fa: bets 513
25f43a40: calls 513
Hero: calls 513
*** TURN *** [8d 9h Qs] [7d]
Hero: checks
c95444fa: bets 1,924
25f43a40: calls 1,924
Hero: folds
*** RIVER *** [8d 9h Qs 7d] [7c]
c95444fa: bets 10,571 and is all-in
25f43a40: calls 4,670 and is all-in
Uncalled bet (5,901) returned to c95444fa
c95444fa: shows [Jh Qd] (Pair of Queens and Pair of Sevens)
25f43a40: shows [Td Jd] (Queens-High Straight)
*** SHOWDOWN ***
25f43a40 collected 15,753 from pot
*** SUMMARY ***
Total pot 15,753 | Rake 0 | Jackpot 0 | Bingo 0 | Fortune 0 | Tax 0
Board [8d 9h Qs 7d 7c]
Seat 1: 979c6ce3 folded before Flop
Seat 2: c95444fa showed [Jh Qd] and lost with Pair of Queens and Pair of Sevens
Seat 3: 25f43a40 (button) showed [Td Jd] and won (15,753) with Queens-High Straight
Seat 5: 89bafd2a (small blind) folded before Flop
Seat 6: ef7e6fae (big blind) folded before Flop
Seat 7: Hero folded on the Turn
Seat 8: 226d6fdd folded before Flop


Poker Hand #TM3542453257: Tournament #156057564, Bounty Hunters Big One $1.08 Hold'em No Limit - Level2(60/120) - 2024/08/02 11:43:45
Table '52' 8-max Seat #2 is the button
Seat 1: 979c6ce3 (6,017 in chips)
Seat 2: c95444fa (9,966 in chips)
Seat 3: 25f43a40 (7,443 in chips)
Seat 5: 89bafd2a (13,717 in chips)
Seat 6: ef7e6fae (8,825 in chips)
Seat 7: Hero (8,489 in chips)
Seat 8: 226d6fdd (12,959 in chips)
979c6ce3: posts the ante 18
89bafd2a: posts the ante 18
ef7e6fae: posts the ante 18
25f43a40: posts the ante 18
c95444fa: posts the ante 18
Hero: posts the ante 18
226d6fdd: posts the ante 18
25f43a40: posts small blind 60
89bafd2a: posts big blind 120
*** HOLE CARDS ***
Dealt to 979c6ce3 
Dealt to c95444fa 
Dealt to 25f43a40 
Dealt to 89bafd2a 
Dealt to ef7e6fae 
Dealt to Hero [Ah Qs]
Dealt to 226d6fdd 
ef7e6fae: folds
Hero: raises 180 to 300
226d6fdd: folds
979c6ce3: calls 300
c95444fa: calls 300
25f43a40: folds
89bafd2a: folds
*** FLOP *** [Jd 7s Qd]
Hero: checks
979c6ce3: checks
c95444fa: bets 603
Hero: calls 603
979c6ce3: folds
*** TURN *** [Jd 7s Qd] [Ts]
Hero: checks
c95444fa: bets 1,809
Hero: calls 1,809
*** RIVER *** [Jd 7s Qd Ts] [5s]
Hero: checks
c95444fa: checks
Hero: shows [Ah Qs] (Pair of Queens)
c95444fa: shows [Tc Qc] (Pair of Queens and Pair of Tens)
*** SHOWDOWN ***
c95444fa collected 6,030 from pot
*** SUMMARY ***
Total pot 6,030 | Rake 0 | Jackpot 0 | Bingo 0 | Fortune 0 | Tax 0
Board [Jd 7s Qd Ts 5s]
Seat 1: 979c6ce3 folded on the Flop
Seat 2: c95444fa (button) showed [Tc Qc] and won (6,030) with Pair of Queens and Pair of Tens
Seat 3: 25f43a40 (small blind) folded before Flop
Seat 5: 89bafd2a (big blind) folded before Flop
Seat 6: ef7e6fae folded before Flop
Seat 7: Hero showed [Ah Qs] and lost with Pair of Queens
Seat 8: 226d6fdd folded before Flop


Poker Hand #TM3542453215: Tournament #156057564, Bounty Hunters Big One $1.08 Hold'em No Limit - Level2(60/120) - 2024/08/02 11:42:49
Table '52' 8-max Seat #1 is the button
Seat 1: 979c6ce3 (6,035 in chips)
Seat 2: c95444fa (10,224 in chips)
Seat 3: 25f43a40 (8,061 in chips)
Seat 4: 73d6c148 (13,517 in chips)
Seat 5: 89bafd2a (12,751 in chips)
Seat 6: ef7e6fae (8,843 in chips)
Seat 7: Hero (8,507 in chips)
Seat 8: 226d6fdd (12,977 in chips)
73d6c148: posts the ante 18
979c6ce3: posts the ante 18
89bafd2a: posts the ante 18
ef7e6fae: posts the ante 18
25f43a40: posts the ante 18
Hero: posts the ante 18
c95444fa: posts the ante 18
226d6fdd: posts the ante 18
c95444fa: posts small blind 60
25f43a40: posts big blind 120
*** HOLE CARDS ***
Dealt to 979c6ce3 
Dealt to c95444fa 
Dealt to 25f43a40 
Dealt to 73d6c148 
Dealt to 89bafd2a 
Dealt to ef7e6fae 
Dealt to Hero [Ad 9s]
Dealt to 226d6fdd 
73d6c148: folds
89bafd2a: raises 120 to 240
ef7e6fae: folds
Hero: folds
226d6fdd: folds
979c6ce3: folds
c95444fa: calls 180
25f43a40: calls 120
*** FLOP *** [5d Th 2c]
c95444fa: checks
25f43a40: checks
89bafd2a: bets 360
c95444fa: folds
25f43a40: calls 360
*** TURN *** [5d Th 2c] [Ks]
25f43a40: checks
89bafd2a: bets 1,062
25f43a40: folds
Uncalled bet (1,062) returned to 89bafd2a
*** SHOWDOWN ***
89bafd2a collected 1,584 from pot
*** SUMMARY ***
Total pot 1,584 | Rake 0 | Jackpot 0 | Bingo 0 | Fortune 0 | Tax 0
Board [5d Th 2c Ks]
Seat 1: 979c6ce3 (button) folded before Flop
Seat 2: c95444fa (small blind) folded on the Flop
Seat 3: 25f43a40 (big blind) folded on the Turn
Seat 4: 73d6c148 folded before Flop
Seat 5: 89bafd2a won (1,584)
Seat 6: ef7e6fae folded before Flop
Seat 7: Hero folded before Flop
Seat 8: 226d6fdd folded before Flop


Poker Hand #TM3542453173: Tournament #156057564, Bounty Hunters Big One $1.08 Hold'em No Limit - Level2(60/120) - 2024/08/02 11:41:57
Table '52' 8-max Seat #8 is the button
Seat 1: 979c6ce3 (6,113 in chips)
Seat 2: c95444fa (10,482 in chips)
Seat 3: 25f43a40 (8,079 in chips)
Seat 4: 73d6c148 (13,535 in chips)
Seat 5: 89bafd2a (12,769 in chips)
Seat 6: ef7e6fae (8,861 in chips)
Seat 7: Hero (8,525 in chips)
Seat 8: 226d6fdd (12,551 in chips)
73d6c148: posts the ante 18
979c6ce3: posts the ante 18
89bafd2a: posts the ante 18
ef7e6fae: posts the ante 18
25f43a40: posts the ante 18
Hero: posts the ante 18
c95444fa: posts the ante 18
226d6fdd: posts the ante 18
979c6ce3: posts small blind 60
c95444fa: posts big blind 120
*** HOLE CARDS ***
Dealt to 979c6ce3 
Dealt to c95444fa 
Dealt to 25f43a40 
Dealt to 73d6c148 
Dealt to 89bafd2a 
Dealt to ef7e6fae 
Dealt to Hero [2d 5d]
Dealt to 226d6fdd 
25f43a40: folds
73d6c148: folds
89bafd2a: folds
ef7e6fae: folds
Hero: folds
226d6fdd: raises 120 to 240
979c6ce3: folds
c95444fa: calls 120
*** FLOP *** [Qd 4c 9h]
c95444fa: checks
226d6fdd: bets 226
c95444fa: folds
Uncalled bet (226) returned to 226d6fdd
*** SHOWDOWN ***
226d6fdd collected 684 from pot
*** SUMMARY ***
Total pot 684 | Rake 0 | Jackpot 0 | Bingo 0 | Fortune 0 | Tax 0
Board [Qd 4c 9h]
Seat 1: 979c6ce3 (small blind) folded before Flop
Seat 2: c95444fa (big blind) folded on the Flop
Seat 3: 25f43a40 folded before Flop
Seat 4: 73d6c148 folded before Flop
Seat 5: 89bafd2a folded before Flop
Seat 6: ef7e6fae folded before Flop
Seat 7: Hero folded before Flop
Seat 8: 226d6fdd (button) won (684)


Poker Hand #TM3542453123: Tournament #156057564, Bounty Hunters Big One $1.08 Hold'em No Limit - Level2(60/120) - 2024/08/02 11:41:08
Table '52' 8-max Seat #7 is the button
Seat 1: 979c6ce3 (5,675 in chips)
Seat 2: c95444fa (10,500 in chips)
Seat 3: 25f43a40 (8,097 in chips)
Seat 4: 73d6c148 (13,805 in chips)
Seat 5: 89bafd2a (12,787 in chips)
Seat 6: ef7e6fae (8,879 in chips)
Seat 7: Hero (8,543 in chips)
Seat 8: 226d6fdd (12,629 in chips)
73d6c148: posts the ante 18
979c6ce3: posts the ante 18
89bafd2a: posts the ante 18
ef7e6fae: posts the ante 18
25f43a40: posts the ante 18
Hero: posts the ante 18
c95444fa: posts the ante 18
226d6fdd: posts the ante 18
226d6fdd: posts small blind 60
979c6ce3: posts big blind 120
*** HOLE CARDS ***
Dealt to 979c6ce3 
Dealt to c95444fa 
Dealt to 25f43a40 
Dealt to 73d6c148 
Dealt to 89bafd2a 
Dealt to ef7e6fae 
Dealt to Hero [2h Kh]
Dealt to 226d6fdd 
c95444fa: folds
25f43a40: folds
73d6c148: raises 132 to 252
89bafd2a: folds
ef7e6fae: folds
Hero: folds
226d6fdd: folds
979c6ce3: calls 132
*** FLOP *** [Ts Ah 6s]
979c6ce3: checks
73d6c148: checks
*** TURN *** [Ts Ah 6s] [3d]
979c6ce3: bets 234
73d6c148: folds
Uncalled bet (234) returned to 979c6ce3
*** SHOWDOWN ***
979c6ce3 collected 708 from pot
*** SUMMARY ***
Total pot 708 | Rake 0 | Jackpot 0 | Bingo 0 | Fortune 0 | Tax 0
Board [Ts Ah 6s 3d]
Seat 1: 979c6ce3 (big blind) won (708)
Seat 2: c95444fa folded before Flop
Seat 3: 25f43a40 folded before Flop
Seat 4: 73d6c148 folded on the Turn
Seat 5: 89bafd2a folded before Flop
Seat 6: ef7e6fae folded before Flop
Seat 7: Hero (button) folded before Flop
Seat 8: 226d6fdd (small blind) folded before Flop


Poker Hand #TM3542453059: Tournament #156057564, Bounty Hunters Big One $1.08 Hold'em No Limit - Level1(50/100) - 2024/08/02 11:39:49
Table '52' 8-max Seat #6 is the button
Seat 1: 979c6ce3 (5,690 in chips)
Seat 2: c95444fa (10,515 in chips)
Seat 3: 25f43a40 (8,112 in chips)
Seat 4: 73d6c148 (12,624 in chips)
Seat 5: 89bafd2a (12,802 in chips)
Seat 6: ef7e6fae (8,894 in chips)
Seat 7: Hero (9,096 in chips)
Seat 8: 226d6fdd (13,182 in chips)
73d6c148: posts the ante 15
979c6ce3: posts the ante 15
89bafd2a: posts the ante 15
ef7e6fae: posts the ante 15
25f43a40: posts the ante 15
c95444fa: posts the ante 15
Hero: posts the ante 15
226d6fdd: posts the ante 15
Hero: posts small blind 50
226d6fdd: posts big blind 100
*** HOLE CARDS ***
Dealt to 979c6ce3 
Dealt to c95444fa 
Dealt to 25f43a40 
Dealt to 73d6c148 
Dealt to 89bafd2a 
Dealt to ef7e6fae 
Dealt to Hero [Td Jh]
Dealt to 226d6fdd 
979c6ce3: folds
c95444fa: folds
25f43a40: folds
73d6c148: raises 150 to 250
89bafd2a: folds
ef7e6fae: folds
Hero: calls 200
226d6fdd: calls 150
*** FLOP *** [Ad Jd 4s]
Hero: checks
226d6fdd: checks
73d6c148: bets 288
Hero: calls 288
226d6fdd: calls 288
*** TURN *** [Ad Jd 4s] [8d]
Hero: checks
226d6fdd: checks
73d6c148: bets 2,000
Hero: folds
226d6fdd: folds
Uncalled bet (2,000) returned to 73d6c148
*** SHOWDOWN ***
73d6c148 collected 1,734 from pot
*** SUMMARY ***
Total pot 1,734 | Rake 0 | Jackpot 0 | Bingo 0 | Fortune 0 | Tax 0
Board [Ad Jd 4s 8d]
Seat 1: 979c6ce3 folded before Flop
Seat 2: c95444fa folded before Flop
Seat 3: 25f43a40 folded before Flop
Seat 4: 73d6c148 won (1,734)
Seat 5: 89bafd2a folded before Flop
Seat 6: ef7e6fae (button) folded before Flop
Seat 7: Hero (small blind) folded on the Turn
Seat 8: 226d6fdd (big blind) folded on the Turn


Poker Hand #TM3542453032: Tournament #156057564, Bounty Hunters Big One $1.08 Hold'em No Limit - Level1(50/100) - 2024/08/02 11:39:23
Table '52' 8-max Seat #5 is the button
Seat 1: 979c6ce3 (5,705 in chips)
Seat 2: c95444fa (10,530 in chips)
Seat 3: 25f43a40 (8,127 in chips)
Seat 4: 73d6c148 (12,639 in chips)
Seat 5: 89bafd2a (12,817 in chips)
Seat 6: ef7e6fae (8,959 in chips)
Seat 7: Hero (8,941 in chips)
Seat 8: 226d6fdd (13,197 in chips)
73d6c148: posts the ante 15
979c6ce3: posts the ante 15
89bafd2a: posts the ante 15
ef7e6fae: posts the ante 15
25f43a40: posts the ante 15
c95444fa: posts the ante 15
Hero: posts the ante 15
226d6fdd: posts the ante 15
ef7e6fae: posts small blind 50
Hero: posts big blind 100
*** HOLE CARDS ***
Dealt to 979c6ce3 
Dealt to c95444fa 
Dealt to 25f43a40 
Dealt to 73d6c148 
Dealt to 89bafd2a 
Dealt to ef7e6fae 
Dealt to Hero [7d 5s]
Dealt to 226d6fdd 
226d6fdd: folds
979c6ce3: folds
c95444fa: folds
25f43a40: folds
73d6c148: folds
89bafd2a: folds
ef7e6fae: folds
Uncalled bet (50) returned to Hero
*** SHOWDOWN ***
Hero collected 220 from pot
*** SUMMARY ***
Total pot 220 | Rake 0 | Jackpot 0 | Bingo 0 | Fortune 0 | Tax 0
Seat 1: 979c6ce3 folded before Flop
Seat 2: c95444fa folded before Flop
Seat 3: 25f43a40 folded before Flop
Seat 4: 73d6c148 folded before Flop
Seat 5: 89bafd2a (button) folded before Flop
Seat 6: ef7e6fae (small blind) folded before Flop
Seat 7: Hero (big blind) collected (220)
Seat 8: 226d6fdd folded before Flop


Poker Hand #TM3542452963: Tournament #156057564, Bounty Hunters Big One $1.08 Hold'em No Limit - Level1(50/100) - 2024/08/02 11:38:08
Table '52' 8-max Seat #4 is the button
Seat 1: 979c6ce3 (7,177 in chips)
Seat 2: c95444fa (7,361 in chips)
Seat 3: 25f43a40 (8,142 in chips)
Seat 4: 73d6c148 (12,654 in chips)
Seat 5: 89bafd2a (12,882 in chips)
Seat 6: ef7e6fae (9,074 in chips)
Seat 7: Hero (8,956 in chips)
Seat 8: 226d6fdd (14,669 in chips)
73d6c148: posts the ante 15
979c6ce3: posts the ante 15
89bafd2a: posts the ante 15
ef7e6fae: posts the ante 15
25f43a40: posts the ante 15
c95444fa: posts the ante 15
Hero: posts the ante 15
226d6fdd: posts the ante 15
89bafd2a: posts small blind 50
ef7e6fae: posts big blind 100
*** HOLE CARDS ***
Dealt to 979c6ce3 
Dealt to c95444fa 
Dealt to 25f43a40 
Dealt to 73d6c148 
Dealt to 89bafd2a 
Dealt to ef7e6fae 
Dealt to Hero [2h Ac]
Dealt to 226d6fdd 
Hero: folds
226d6fdd: raises 100 to 200
979c6ce3: raises 100 to 300
c95444fa: calls 300
25f43a40: folds
73d6c148: folds
89bafd2a: folds
ef7e6fae: folds
226d6fdd: calls 100
*** FLOP *** [3h Ah 6s]
226d6fdd: checks
979c6ce3: checks
c95444fa: checks
*** TURN *** [3h Ah 6s] [Ts]
226d6fdd: checks
979c6ce3: bets 387
c95444fa: calls 387
226d6fdd: calls 387
*** RIVER *** [3h Ah 6s Ts] [Kh]
226d6fdd: checks
979c6ce3: bets 770
c95444fa: calls 770
226d6fdd: calls 770
979c6ce3: shows [5s As] (Pair of Aces)
c95444fa: shows [Jc Qc] (Aces-High Straight)
226d6fdd: shows [Td Kd] (Pair of Kings and Pair of Tens)
*** SHOWDOWN ***
c95444fa collected 4,641 from pot
*** SUMMARY ***
Total pot 4,641 | Rake 0 | Jackpot 0 | Bingo 0 | Fortune 0 | Tax 0
Board [3h Ah 6s Ts Kh]
Seat 1: 979c6ce3 showed [5s As] and lost with Pair of Aces
Seat 2: c95444fa showed [Jc Qc] and won (4,641) with Aces-High Straight
Seat 3: 25f43a40 folded before Flop
Seat 4: 73d6c148 (button) folded before Flop
Seat 5: 89bafd2a (small blind) folded before Flop
Seat 6: ef7e6fae (big blind) folded before Flop
Seat 7: Hero folded before Flop
Seat 8: 226d6fdd showed [Td Kd] and lost with Pair of Kings and Pair of Tens


Poker Hand #TM3542452864: Tournament #156057564, Bounty Hunters Big One $1.08 Hold'em No Limit - Level1(50/100) - 2024/08/02 11:36:10
Table '52' 8-max Seat #3 is the button
Seat 1: 979c6ce3 (10,550 in chips)
Seat 2: c95444fa (7,376 in chips)
Seat 3: 25f43a40 (8,157 in chips)
Seat 4: 73d6c148 (12,719 in chips)
Seat 5: 89bafd2a (12,997 in chips)
Seat 6: ef7e6fae (9,875 in chips)
Seat 7: Hero (9,271 in chips)
Seat 8: 226d6fdd (9,970 in chips)
73d6c148: posts the ante 15
979c6ce3: posts the ante 15
89bafd2a: posts the ante 15
ef7e6fae: posts the ante 15
25f43a40: posts the ante 15
c95444fa: posts the ante 15
Hero: posts the ante 15
226d6fdd: posts the ante 15
73d6c148: posts small blind 50
89bafd2a: posts big blind 100
*** HOLE CARDS ***
Dealt to 979c6ce3 
Dealt to c95444fa 
Dealt to 25f43a40 
Dealt to 73d6c148 
Dealt to 89bafd2a 
Dealt to ef7e6fae 
Dealt to Hero [5d 5s]
Dealt to 226d6fdd 
ef7e6fae: raises 100 to 200
Hero: calls 200
226d6fdd: calls 200
979c6ce3: raises 100 to 300
c95444fa: folds
25f43a40: folds
73d6c148: folds
89bafd2a: folds
ef7e6fae: calls 100
Hero: calls 100
226d6fdd: calls 100
*** FLOP *** [Jh 7d 8c]
ef7e6fae: checks
Hero: checks
226d6fdd: bets 486
979c6ce3: calls 486
ef7e6fae: calls 486
Hero: folds
*** TURN *** [Jh 7d 8c] [8h]
ef7e6fae: checks
226d6fdd: bets 967
979c6ce3: calls 967
ef7e6fae: folds
*** RIVER *** [Jh 7d 8c 8h] [7s]
226d6fdd: checks
979c6ce3: bets 1,605
226d6fdd: calls 1,605
979c6ce3: shows [6d 6c] (Pair of Eights and Pair of Sevens)
226d6fdd: shows [Jd Kh] (Pair of Jacks and Pair of Eights)
*** SHOWDOWN ***
226d6fdd collected 8,072 from pot
*** SUMMARY ***
Total pot 8,072 | Rake 0 | Jackpot 0 | Bingo 0 | Fortune 0 | Tax 0
Board [Jh 7d 8c 8h 7s]
Seat 1: 979c6ce3 showed [6d 6c] and lost with Pair of Eights and Pair of Sevens
Seat 2: c95444fa folded before Flop
Seat 3: 25f43a40 (button) folded before Flop
Seat 4: 73d6c148 (small blind) folded before Flop
Seat 5: 89bafd2a (big blind) folded before Flop
Seat 6: ef7e6fae folded on the Turn
Seat 7: Hero folded on the Flop
Seat 8: 226d6fdd showed [Jd Kh] and won (8,072) with Pair of Jacks and Pair of Eights


Poker Hand #TM3542452814: Tournament #156057564, Bounty Hunters Big One $1.08 Hold'em No Limit - Level1(50/100) - 2024/08/02 11:35:13
Table '52' 8-max Seat #2 is the button
Seat 1: 979c6ce3 (10,565 in chips)
Seat 2: c95444fa (7,391 in chips)
Seat 3: 25f43a40 (8,776 in chips)
Seat 4: 73d6c148 (12,010 in chips)
Seat 5: 89bafd2a (13,012 in chips)
Seat 6: ef7e6fae (9,890 in chips)
Seat 7: Hero (9,286 in chips)
Seat 8: 226d6fdd (9,985 in chips)
73d6c148: posts the ante 15
979c6ce3: posts the ante 15
89bafd2a: posts the ante 15
ef7e6fae: posts the ante 15
25f43a40: posts the ante 15
c95444fa: posts the ante 15
Hero: posts the ante 15
226d6fdd: posts the ante 15
25f43a40: posts small blind 50
73d6c148: posts big blind 100
*** HOLE CARDS ***
Dealt to 979c6ce3 
Dealt to c95444fa 
Dealt to 25f43a40 
Dealt to 73d6c148 
Dealt to 89bafd2a 
Dealt to ef7e6fae 
Dealt to Hero [2h Ts]
Dealt to 226d6fdd 
89bafd2a: folds
ef7e6fae: folds
Hero: folds
226d6fdd: folds
979c6ce3: folds
c95444fa: folds
25f43a40: calls 50
73d6c148: raises 240 to 340
25f43a40: calls 240
*** FLOP *** [Kd Ac 5c]
25f43a40: checks
73d6c148: bets 264
25f43a40: calls 264
*** TURN *** [Kd Ac 5c] [5s]
25f43a40: checks
73d6c148: bets 996
25f43a40: folds
Uncalled bet (996) returned to 73d6c148
*** SHOWDOWN ***
73d6c148 collected 1,328 from pot
*** SUMMARY ***
Total pot 1,328 | Rake 0 | Jackpot 0 | Bingo 0 | Fortune 0 | Tax 0
Board [Kd Ac 5c 5s]
Seat 1: 979c6ce3 folded before Flop
Seat 2: c95444fa (button) folded before Flop
Seat 3: 25f43a40 (small blind) folded on the Turn
Seat 4: 73d6c148 (big blind) won (1,328)
Seat 5: 89bafd2a folded before Flop
Seat 6: ef7e6fae folded before Flop
Seat 7: Hero folded before Flop
Seat 8: 226d6fdd folded before Flop


Poker Hand #TM3542452740: Tournament #156057564, Bounty Hunters Big One $1.08 Hold'em No Limit - Level1(50/100) - 2024/08/02 11:33:54
Table '52' 8-max Seat #1 is the button
Seat 1: 979c6ce3 (10,580 in chips)
Seat 2: c95444fa (10,554 in chips)
Seat 3: 25f43a40 (8,991 in chips)
Seat 4: 73d6c148 (12,025 in chips)
Seat 5: 89bafd2a (9,055 in chips)
Seat 6: ef7e6fae (9,905 in chips)
Seat 7: Hero (9,805 in chips)
Seat 8: 226d6fdd (10,000 in chips)
73d6c148: posts the ante 15
979c6ce3: posts the ante 15
89bafd2a: posts the ante 15
ef7e6fae: posts the ante 15
25f43a40: posts the ante 15
Hero: posts the ante 15
c95444fa: posts the ante 15
226d6fdd: posts the ante 15
c95444fa: posts small blind 50
25f43a40: posts big blind 100
*** HOLE CARDS ***
Dealt to 979c6ce3 
Dealt to c95444fa 
Dealt to 25f43a40 
Dealt to 73d6c148 
Dealt to 89bafd2a 
Dealt to ef7e6fae 
Dealt to Hero [6h Ah]
Dealt to 226d6fdd 
73d6c148: folds
89bafd2a: raises 100 to 200
ef7e6fae: folds
Hero: calls 200
226d6fdd: folds
979c6ce3: folds
c95444fa: calls 150
25f43a40: calls 100
*** FLOP *** [6c 3d Jh]
c95444fa: bets 304
25f43a40: folds
89bafd2a: calls 304
Hero: calls 304
*** TURN *** [6c 3d Jh] [Ts]
c95444fa: checks
89bafd2a: bets 1,228
Hero: folds
c95444fa: calls 1,228
*** RIVER *** [6c 3d Jh Ts] [3s]
c95444fa: checks
89bafd2a: bets 1,416
c95444fa: calls 1,416
89bafd2a: shows [Jd Kh] (Pair of Jacks and Pair of Treys)
c95444fa: shows [Js 8h] (Pair of Jacks and Pair of Treys)
*** SHOWDOWN ***
89bafd2a collected 7,120 from pot
*** SUMMARY ***
Total pot 7,120 | Rake 0 | Jackpot 0 | Bingo 0 | Fortune 0 | Tax 0
Board [6c 3d Jh Ts 3s]
Seat 1: 979c6ce3 (button) folded before Flop
Seat 2: c95444fa (small blind) showed [Js 8h] and lost with Pair of Jacks and Pair of Treys
Seat 3: 25f43a40 (big blind) folded on the Flop
Seat 4: 73d6c148 folded before Flop
Seat 5: 89bafd2a showed [Jd Kh] and won (7,120) with Pair of Jacks and Pair of Treys
Seat 6: ef7e6fae folded before Flop
Seat 7: Hero folded on the Turn
Seat 8: 226d6fdd folded before Flop


Poker Hand #TM3542452672: Tournament #156057564, Bounty Hunters Big One $1.08 Hold'em No Limit - Level1(50/100) - 2024/08/02 11:32:32
Table '52' 8-max Seat #7 is the button
Seat 1: 979c6ce3 (9,226 in chips)
Seat 2: c95444fa (10,869 in chips)
Seat 3: 25f43a40 (9,970 in chips)
Seat 4: 73d6c148 (12,040 in chips)
Seat 5: 89bafd2a (9,070 in chips)
Seat 6: ef7e6fae (9,920 in chips)
Seat 7: Hero (9,820 in chips)
73d6c148: posts the ante 15
979c6ce3: posts the ante 15
89bafd2a: posts the ante 15
ef7e6fae: posts the ante 15
25f43a40: posts the ante 15
Hero: posts the ante 15
c95444fa: posts the ante 15
979c6ce3: posts small blind 50
c95444fa: posts big blind 100
*** HOLE CARDS ***
Dealt to 979c6ce3 
Dealt to c95444fa 
Dealt to 25f43a40 
Dealt to 73d6c148 
Dealt to 89bafd2a 
Dealt to ef7e6fae 
Dealt to Hero [Jc 9h]
25f43a40: raises 100 to 200
73d6c148: folds
89bafd2a: folds
ef7e6fae: folds
Hero: folds
979c6ce3: raises 100 to 300
c95444fa: calls 200
25f43a40: calls 100
*** FLOP *** [Ad 9c Kd]
979c6ce3: checks
c95444fa: checks
25f43a40: bets 332
979c6ce3: raises 332 to 664
c95444fa: folds
25f43a40: calls 332
*** TURN *** [Ad 9c Kd] [8s]
979c6ce3: bets 1,634
25f43a40: folds
Uncalled bet (1,634) returned to 979c6ce3
*** SHOWDOWN ***
979c6ce3 collected 2,333 from pot
*** SUMMARY ***
Total pot 2,333 | Rake 0 | Jackpot 0 | Bingo 0 | Fortune 0 | Tax 0
Board [Ad 9c Kd 8s]
Seat 1: 979c6ce3 (small blind) won (2,333)
Seat 2: c95444fa (big blind) folded on the Flop
Seat 3: 25f43a40 folded on the Turn
Seat 4: 73d6c148 folded before Flop
Seat 5: 89bafd2a folded before Flop
Seat 6: ef7e6fae folded before Flop
Seat 7: Hero (button) folded before Flop


Poker Hand #TM3542452606: Tournament #156057564, Bounty Hunters Big One $1.08 Hold'em No Limit - Level1(50/100) - 2024/08/02 11:31:24
Table '52' 8-max Seat #6 is the button
Seat 1: 979c6ce3 (9,985 in chips)
Seat 2: c95444fa (9,985 in chips)
Seat 3: 25f43a40 (9,985 in chips)
Seat 4: 73d6c148 (12,055 in chips)
Seat 5: 89bafd2a (9,085 in chips)
Seat 6: ef7e6fae (9,935 in chips)
Seat 7: Hero (9,885 in chips)
73d6c148: posts the ante 15
979c6ce3: posts the ante 15
89bafd2a: posts the ante 15
ef7e6fae: posts the ante 15
25f43a40: posts the ante 15
c95444fa: posts the ante 15
Hero: posts the ante 15
Hero: posts small blind 50
979c6ce3: posts big blind 100
*** HOLE CARDS ***
Dealt to 979c6ce3 
Dealt to c95444fa 
Dealt to 25f43a40 
Dealt to 73d6c148 
Dealt to 89bafd2a 
Dealt to ef7e6fae 
Dealt to Hero [3s 6s]
c95444fa: raises 120 to 220
25f43a40: folds
73d6c148: folds
89bafd2a: folds
ef7e6fae: folds
Hero: folds
979c6ce3: calls 120
*** FLOP *** [Th Td 3c]
979c6ce3: bets 197
c95444fa: calls 197
*** TURN *** [Th Td 3c] [6h]
979c6ce3: checks
c95444fa: checks
*** RIVER *** [Th Td 3c 6h] [Tc]
979c6ce3: bets 327
c95444fa: calls 327
979c6ce3: shows [8h Jh] (Three Tens)
c95444fa: shows [Jd Js] (Tens Full over Jacks)
*** SHOWDOWN ***
c95444fa collected 1,643 from pot
*** SUMMARY ***
Total pot 1,643 | Rake 0 | Jackpot 0 | Bingo 0 | Fortune 0 | Tax 0
Board [Th Td 3c 6h Tc]
Seat 1: 979c6ce3 (big blind) showed [8h Jh] and lost with Three Tens
Seat 2: c95444fa showed [Jd Js] and won (1,643) with Tens Full over Jacks
Seat 3: 25f43a40 folded before Flop
Seat 4: 73d6c148 folded before Flop
Seat 5: 89bafd2a folded before Flop
Seat 6: ef7e6fae (button) folded before Flop
Seat 7: Hero (small blind) folded before Flop


Poker Hand #TM3542452534: Tournament #156057564, Bounty Hunters Big One $1.08 Hold'em No Limit - Level1(50/100) - 2024/08/02 11:30:02
Table '52' 8-max Seat #5 is the button
Seat 1: 979c6ce3 (10,000 in chips)
Seat 2: c95444fa (10,000 in chips)
Seat 3: 25f43a40 (10,000 in chips)
Seat 4: 73d6c148 (10,000 in chips)
Seat 5: 89bafd2a (10,000 in chips)
Seat 6: ef7e6fae (10,000 in chips)
Seat 7: Hero (10,000 in chips)
Seat 8: 2db505a6 (10,000 in chips)
73d6c148: posts the ante 15
2db505a6: posts the ante 15
979c6ce3: posts the ante 15
89bafd2a: posts the ante 15
ef7e6fae: posts the ante 15
25f43a40: posts the ante 15
c95444fa: posts the ante 15
Hero: posts the ante 15
ef7e6fae: posts small blind 50
Hero: posts big blind 100
*** HOLE CARDS ***
Dealt to 979c6ce3 
Dealt to c95444fa 
Dealt to 25f43a40 
Dealt to 73d6c148 
Dealt to 89bafd2a 
Dealt to ef7e6fae 
Dealt to Hero [8h 4c]
Dealt to 2db505a6 
2db505a6: raises 121 to 221
979c6ce3: folds
c95444fa: folds
25f43a40: folds
73d6c148: calls 221
89bafd2a: raises 679 to 900
ef7e6fae: folds
Hero: folds
2db505a6: calls 679
73d6c148: calls 679
*** FLOP *** [9c 3c 3h]
2db505a6: checks
73d6c148: bets 1,485
89bafd2a: folds
2db505a6: folds
Uncalled bet (1,485) returned to 73d6c148
*** SHOWDOWN ***
73d6c148 collected 2,970 from pot
*** SUMMARY ***
Total pot 2,970 | Rake 0 | Jackpot 0 | Bingo 0 | Fortune 0 | Tax 0
Board [9c 3c 3h]
Seat 1: 979c6ce3 folded before Flop
Seat 2: c95444fa folded before Flop
Seat 3: 25f43a40 folded before Flop
Seat 4: 73d6c148 won (2,970)
Seat 5: 89bafd2a (button) folded on the Flop
Seat 6: ef7e6fae (small blind) folded before Flop
Seat 7: Hero (big blind) folded before Flop
Seat 8: 2db505a6 folded on the Flop


