Poker Hand #TM3406380021: Tournament #147505975, Daily Turbo $1 Hold'em No Limit - Level8(200/400) - 2024/06/19 22:52:43
Table '27' 8-max Seat #2 is the button
Seat 2: Hero (8,284 in chips)
Seat 3: 7acb84ad (36,589 in chips)
Seat 4: fa696152 (26,192 in chips)
Seat 5: bc53177 (11,019 in chips)
Seat 6: 6f00c6f3 (11,289 in chips)
Seat 7: 20a6e819 (28,597 in chips)
Seat 8: b5d0b02a (10,214 in chips)
fa696152: posts the ante 50
20a6e819: posts the ante 50
6f00c6f3: posts the ante 50
bc53177: posts the ante 50
b5d0b02a: posts the ante 50
Hero: posts the ante 50
7acb84ad: posts the ante 50
7acb84ad: posts small blind 200
fa696152: posts big blind 400
*** HOLE CARDS ***
Dealt to Hero [Th Tc]
Dealt to 7acb84ad 
Dealt to fa696152 
Dealt to bc53177 
Dealt to 6f00c6f3 
Dealt to 20a6e819 
Dealt to b5d0b02a 
bc53177: folds
6f00c6f3: raises 440 to 840
20a6e819: folds
b5d0b02a: folds
Hero: raises 7,394 to 8,234 and is all-in
7acb84ad: folds
fa696152: folds
6f00c6f3: calls 7,394
Hero: shows [Th Tc]
6f00c6f3: shows [Qh Qd]
*** FLOP *** [7d 8s 7c]
*** TURN *** [7d 8s 7c] [Kc]
*** RIVER *** [7d 8s 7c Kc] [2d]
*** SHOWDOWN ***
6f00c6f3 collected 17,418 from pot
*** SUMMARY ***
Total pot 17,418 | Rake 0 | Jackpot 0 | Bingo 0 | Fortune 0 | Tax 0
Board [7d 8s 7c Kc 2d]
Seat 2: Hero (button) showed [Th Tc] and lost with Pair of Tens and Pair of Sevens
Seat 3: 7acb84ad (small blind) folded before Flop
Seat 4: fa696152 (big blind) folded before Flop
Seat 5: bc53177 folded before Flop
Seat 6: 6f00c6f3 showed [Qh Qd] and won (17,418) with Pair of Queens and Pair of Sevens
Seat 7: 20a6e819 folded before Flop
Seat 8: b5d0b02a folded before Flop


Poker Hand #TM3406379975: Tournament #147505975, Daily Turbo $1 Hold'em No Limit - Level8(200/400) - 2024/06/19 22:51:44
Table '27' 8-max Seat #8 is the button
Seat 1: 157b1da5 (10,476 in chips)
Seat 2: Hero (8,734 in chips)
Seat 3: 7acb84ad (36,639 in chips)
Seat 4: fa696152 (14,216 in chips)
Seat 5: bc53177 (11,869 in chips)
Seat 6: 6f00c6f3 (11,339 in chips)
Seat 7: 20a6e819 (28,647 in chips)
Seat 8: b5d0b02a (10,264 in chips)
157b1da5: posts the ante 50
fa696152: posts the ante 50
20a6e819: posts the ante 50
6f00c6f3: posts the ante 50
bc53177: posts the ante 50
b5d0b02a: posts the ante 50
Hero: posts the ante 50
7acb84ad: posts the ante 50
157b1da5: posts small blind 200
Hero: posts big blind 400
*** HOLE CARDS ***
Dealt to 157b1da5 
Dealt to Hero [2h 3h]
Dealt to 7acb84ad 
Dealt to fa696152 
Dealt to bc53177 
Dealt to 6f00c6f3 
Dealt to 20a6e819 
Dealt to b5d0b02a 
7acb84ad: folds
fa696152: raises 400 to 800
bc53177: calls 800
6f00c6f3: folds
20a6e819: folds
b5d0b02a: folds
157b1da5: raises 9,626 to 10,426 and is all-in
Hero: folds
fa696152: raises 3,740 to 14,166 and is all-in
bc53177: folds
Uncalled bet (3,740) returned to fa696152
fa696152: shows [Ah Ac]
157b1da5: shows [Jc Ks]
*** FLOP *** [Th 4c 6c]
*** TURN *** [Th 4c 6c] [Td]
*** RIVER *** [Th 4c 6c Td] [8s]
*** SHOWDOWN ***
fa696152 collected 22,452 from pot
*** SUMMARY ***
Total pot 22,452 | Rake 0 | Jackpot 0 | Bingo 0 | Fortune 0 | Tax 0
Board [Th 4c 6c Td 8s]
Seat 1: 157b1da5 (small blind) showed [Jc Ks] and lost with Pair of Tens
Seat 2: Hero (big blind) folded before Flop
Seat 3: 7acb84ad folded before Flop
Seat 4: fa696152 showed [Ah Ac] and won (22,452) with Pair of Aces and Pair of Tens
Seat 5: bc53177 folded before Flop
Seat 6: 6f00c6f3 folded before Flop
Seat 7: 20a6e819 folded before Flop
Seat 8: b5d0b02a (button) folded before Flop


Poker Hand #TM3406379932: Tournament #147505975, Daily Turbo $1 Hold'em No Limit - Level8(200/400) - 2024/06/19 22:50:48
Table '27' 8-max Seat #7 is the button
Seat 1: 157b1da5 (8,400 in chips)
Seat 2: Hero (10,310 in chips)
Seat 3: 7acb84ad (36,689 in chips)
Seat 4: fa696152 (14,266 in chips)
Seat 5: bc53177 (11,919 in chips)
Seat 6: 6f00c6f3 (11,389 in chips)
Seat 7: 20a6e819 (28,697 in chips)
Seat 8: b5d0b02a (10,514 in chips)
157b1da5: posts the ante 50
fa696152: posts the ante 50
20a6e819: posts the ante 50
6f00c6f3: posts the ante 50
bc53177: posts the ante 50
b5d0b02a: posts the ante 50
Hero: posts the ante 50
7acb84ad: posts the ante 50
b5d0b02a: posts small blind 200
157b1da5: posts big blind 400
*** HOLE CARDS ***
Dealt to 157b1da5 
Dealt to Hero [Qs Ad]
Dealt to 7acb84ad 
Dealt to fa696152 
Dealt to bc53177 
Dealt to 6f00c6f3 
Dealt to 20a6e819 
Dealt to b5d0b02a 
Hero: raises 400 to 800
7acb84ad: folds
fa696152: folds
bc53177: folds
6f00c6f3: folds
20a6e819: folds
b5d0b02a: folds
157b1da5: calls 400
*** FLOP *** [7d 8s 6h]
157b1da5: bets 726
Hero: calls 726
*** TURN *** [7d 8s 6h] [2h]
157b1da5: bets 1,206
Hero: folds
Uncalled bet (1,206) returned to 157b1da5
*** SHOWDOWN ***
157b1da5 collected 3,652 from pot
*** SUMMARY ***
Total pot 3,652 | Rake 0 | Jackpot 0 | Bingo 0 | Fortune 0 | Tax 0
Board [7d 8s 6h 2h]
Seat 1: 157b1da5 (big blind) won (3,652)
Seat 2: Hero folded on the Turn
Seat 3: 7acb84ad folded before Flop
Seat 4: fa696152 folded before Flop
Seat 5: bc53177 folded before Flop
Seat 6: 6f00c6f3 folded before Flop
Seat 7: 20a6e819 (button) folded before Flop
Seat 8: b5d0b02a (small blind) folded before Flop


Poker Hand #TM3406379869: Tournament #147505975, Daily Turbo $1 Hold'em No Limit - Level7(160/320) - 2024/06/19 22:49:17
Table '27' 8-max Seat #6 is the button
Seat 1: 157b1da5 (8,440 in chips)
Seat 2: Hero (10,350 in chips)
Seat 3: 7acb84ad (36,729 in chips)
Seat 4: fa696152 (14,946 in chips)
Seat 5: bc53177 (9,879 in chips)
Seat 6: 6f00c6f3 (12,069 in chips)
Seat 7: 20a6e819 (28,897 in chips)
Seat 8: b5d0b02a (10,874 in chips)
157b1da5: posts the ante 40
fa696152: posts the ante 40
20a6e819: posts the ante 40
6f00c6f3: posts the ante 40
bc53177: posts the ante 40
b5d0b02a: posts the ante 40
Hero: posts the ante 40
7acb84ad: posts the ante 40
20a6e819: posts small blind 160
b5d0b02a: posts big blind 320
*** HOLE CARDS ***
Dealt to 157b1da5 
Dealt to Hero [7s 9h]
Dealt to 7acb84ad 
Dealt to fa696152 
Dealt to bc53177 
Dealt to 6f00c6f3 
Dealt to 20a6e819 
Dealt to b5d0b02a 
157b1da5: folds
Hero: folds
7acb84ad: folds
fa696152: raises 320 to 640
bc53177: calls 640
6f00c6f3: calls 640
20a6e819: folds
b5d0b02a: folds
*** FLOP *** [2c 4s Qc]
fa696152: checks
bc53177: checks
6f00c6f3: checks
*** TURN *** [2c 4s Qc] [7c]
fa696152: checks
bc53177: bets 1,360
6f00c6f3: folds
fa696152: folds
Uncalled bet (1,360) returned to bc53177
*** SHOWDOWN ***
bc53177 collected 2,720 from pot
*** SUMMARY ***
Total pot 2,720 | Rake 0 | Jackpot 0 | Bingo 0 | Fortune 0 | Tax 0
Board [2c 4s Qc 7c]
Seat 1: 157b1da5 folded before Flop
Seat 2: Hero folded before Flop
Seat 3: 7acb84ad folded before Flop
Seat 4: fa696152 folded on the Turn
Seat 5: bc53177 won (2,720)
Seat 6: 6f00c6f3 (button) folded on the Turn
Seat 7: 20a6e819 (small blind) folded before Flop
Seat 8: b5d0b02a (big blind) folded before Flop


Poker Hand #TM3406379842: Tournament #147505975, Daily Turbo $1 Hold'em No Limit - Level7(160/320) - 2024/06/19 22:48:42
Table '27' 8-max Seat #5 is the button
Seat 1: 157b1da5 (8,480 in chips)
Seat 2: Hero (10,390 in chips)
Seat 3: 7acb84ad (36,769 in chips)
Seat 4: fa696152 (14,986 in chips)
Seat 5: bc53177 (10,239 in chips)
Seat 6: 6f00c6f3 (11,149 in chips)
Seat 7: 20a6e819 (29,257 in chips)
Seat 8: b5d0b02a (10,914 in chips)
157b1da5: posts the ante 40
fa696152: posts the ante 40
20a6e819: posts the ante 40
bc53177: posts the ante 40
6f00c6f3: posts the ante 40
b5d0b02a: posts the ante 40
Hero: posts the ante 40
7acb84ad: posts the ante 40
6f00c6f3: posts small blind 160
20a6e819: posts big blind 320
*** HOLE CARDS ***
Dealt to 157b1da5 
Dealt to Hero [4h 2h]
Dealt to 7acb84ad 
Dealt to fa696152 
Dealt to bc53177 
Dealt to 6f00c6f3 
Dealt to 20a6e819 
Dealt to b5d0b02a 
b5d0b02a: folds
157b1da5: folds
Hero: folds
7acb84ad: folds
fa696152: folds
bc53177: calls 320
6f00c6f3: raises 10,789 to 11,109 and is all-in
20a6e819: folds
bc53177: folds
Uncalled bet (10,789) returned to 6f00c6f3
*** SHOWDOWN ***
6f00c6f3 collected 1,280 from pot
*** SUMMARY ***
Total pot 1,280 | Rake 0 | Jackpot 0 | Bingo 0 | Fortune 0 | Tax 0
Seat 1: 157b1da5 folded before Flop
Seat 2: Hero folded before Flop
Seat 3: 7acb84ad folded before Flop
Seat 4: fa696152 folded before Flop
Seat 5: bc53177 (button) folded before Flop
Seat 6: 6f00c6f3 (small blind) collected (1,280)
Seat 7: 20a6e819 (big blind) folded before Flop
Seat 8: b5d0b02a folded before Flop


Poker Hand #TM3406379805: Tournament #147505975, Daily Turbo $1 Hold'em No Limit - Level7(160/320) - 2024/06/19 22:48:00
Table '27' 8-max Seat #4 is the button
Seat 1: 157b1da5 (8,520 in chips)
Seat 2: Hero (10,430 in chips)
Seat 3: 7acb84ad (37,769 in chips)
Seat 4: fa696152 (15,026 in chips)
Seat 5: bc53177 (8,359 in chips)
Seat 6: 6f00c6f3 (11,829 in chips)
Seat 7: 20a6e819 (29,297 in chips)
Seat 8: b5d0b02a (10,954 in chips)
157b1da5: posts the ante 40
fa696152: posts the ante 40
20a6e819: posts the ante 40
6f00c6f3: posts the ante 40
bc53177: posts the ante 40
b5d0b02a: posts the ante 40
Hero: posts the ante 40
7acb84ad: posts the ante 40
bc53177: posts small blind 160
6f00c6f3: posts big blind 320
*** HOLE CARDS ***
Dealt to 157b1da5 
Dealt to Hero [5s 4h]
Dealt to 7acb84ad 
Dealt to fa696152 
Dealt to bc53177 
Dealt to 6f00c6f3 
Dealt to 20a6e819 
Dealt to b5d0b02a 
20a6e819: folds
b5d0b02a: folds
157b1da5: folds
Hero: folds
7acb84ad: raises 320 to 640
fa696152: folds
bc53177: calls 480
6f00c6f3: calls 320
*** FLOP *** [3s Ac Qc]
bc53177: bets 320
6f00c6f3: folds
7acb84ad: calls 320
*** TURN *** [3s Ac Qc] [Ks]
bc53177: bets 1,440
7acb84ad: folds
Uncalled bet (1,440) returned to bc53177
7acb84ad: shows [Js] (Ace-High)
*** SHOWDOWN ***
bc53177 collected 2,880 from pot
*** SUMMARY ***
Total pot 2,880 | Rake 0 | Jackpot 0 | Bingo 0 | Fortune 0 | Tax 0
Board [3s Ac Qc Ks]
Seat 1: 157b1da5 folded before Flop
Seat 2: Hero folded before Flop
Seat 3: 7acb84ad folded on the Turn
Seat 4: fa696152 (button) folded before Flop
Seat 5: bc53177 (small blind) won (2,880)
Seat 6: 6f00c6f3 (big blind) folded on the Flop
Seat 7: 20a6e819 folded before Flop
Seat 8: b5d0b02a folded before Flop


Poker Hand #TM3406379769: Tournament #147505975, Daily Turbo $1 Hold'em No Limit - Level7(160/320) - 2024/06/19 22:47:14
Table '27' 8-max Seat #3 is the button
Seat 1: 157b1da5 (8,560 in chips)
Seat 2: Hero (10,470 in chips)
Seat 3: 7acb84ad (37,809 in chips)
Seat 4: fa696152 (15,226 in chips)
Seat 5: bc53177 (8,719 in chips)
Seat 6: 4d3875b6 (22,575 in chips)
Seat 7: 20a6e819 (29,337 in chips)
Seat 8: b5d0b02a (10,194 in chips)
157b1da5: posts the ante 40
4d3875b6: posts the ante 40
fa696152: posts the ante 40
20a6e819: posts the ante 40
bc53177: posts the ante 40
b5d0b02a: posts the ante 40
Hero: posts the ante 40
7acb84ad: posts the ante 40
fa696152: posts small blind 160
bc53177: posts big blind 320
*** HOLE CARDS ***
Dealt to 157b1da5 
Dealt to Hero [9h 8d]
Dealt to 7acb84ad 
Dealt to fa696152 
Dealt to bc53177 
Dealt to 4d3875b6 
Dealt to 20a6e819 
Dealt to b5d0b02a 
4d3875b6: folds
20a6e819: folds
b5d0b02a: raises 320 to 640
157b1da5: folds
Hero: folds
7acb84ad: folds
fa696152: folds
bc53177: folds
Uncalled bet (320) returned to b5d0b02a
*** SHOWDOWN ***
b5d0b02a collected 1,120 from pot
*** SUMMARY ***
Total pot 1,120 | Rake 0 | Jackpot 0 | Bingo 0 | Fortune 0 | Tax 0
Seat 1: 157b1da5 folded before Flop
Seat 2: Hero folded before Flop
Seat 3: 7acb84ad (button) folded before Flop
Seat 4: fa696152 (small blind) folded before Flop
Seat 5: bc53177 (big blind) folded before Flop
Seat 6: 4d3875b6 folded before Flop
Seat 7: 20a6e819 folded before Flop
Seat 8: b5d0b02a collected (1,120)


Poker Hand #TM3406379758: Tournament #147505975, Daily Turbo $1 Hold'em No Limit - Level7(160/320) - 2024/06/19 22:46:54
Table '27' 8-max Seat #2 is the button
Seat 1: 157b1da5 (8,600 in chips)
Seat 2: Hero (10,510 in chips)
Seat 3: 7acb84ad (38,009 in chips)
Seat 4: fa696152 (15,586 in chips)
Seat 5: bc53177 (7,959 in chips)
Seat 6: 4d3875b6 (22,615 in chips)
Seat 7: 20a6e819 (29,377 in chips)
Seat 8: b5d0b02a (10,234 in chips)
157b1da5: posts the ante 40
4d3875b6: posts the ante 40
fa696152: posts the ante 40
20a6e819: posts the ante 40
bc53177: posts the ante 40
b5d0b02a: posts the ante 40
Hero: posts the ante 40
7acb84ad: posts the ante 40
7acb84ad: posts small blind 160
fa696152: posts big blind 320
*** HOLE CARDS ***
Dealt to 157b1da5 
Dealt to Hero [2c 5h]
Dealt to 7acb84ad 
Dealt to fa696152 
Dealt to bc53177 
Dealt to 4d3875b6 
Dealt to 20a6e819 
Dealt to b5d0b02a 
bc53177: raises 320 to 640
4d3875b6: folds
20a6e819: folds
b5d0b02a: folds
157b1da5: folds
Hero: folds
7acb84ad: folds
fa696152: folds
Uncalled bet (320) returned to bc53177
*** SHOWDOWN ***
bc53177 collected 1,120 from pot
*** SUMMARY ***
Total pot 1,120 | Rake 0 | Jackpot 0 | Bingo 0 | Fortune 0 | Tax 0
Seat 1: 157b1da5 folded before Flop
Seat 2: Hero (button) folded before Flop
Seat 3: 7acb84ad (small blind) folded before Flop
Seat 4: fa696152 (big blind) folded before Flop
Seat 5: bc53177 collected (1,120)
Seat 6: 4d3875b6 folded before Flop
Seat 7: 20a6e819 folded before Flop
Seat 8: b5d0b02a folded before Flop


Poker Hand #TM3406379725: Tournament #147505975, Daily Turbo $1 Hold'em No Limit - Level7(160/320) - 2024/06/19 22:46:14
Table '27' 8-max Seat #1 is the button
Seat 1: 157b1da5 (8,640 in chips)
Seat 2: Hero (9,270 in chips)
Seat 3: 7acb84ad (38,369 in chips)
Seat 4: fa696152 (15,626 in chips)
Seat 5: bc53177 (8,639 in chips)
Seat 6: 4d3875b6 (22,655 in chips)
Seat 7: 20a6e819 (29,417 in chips)
Seat 8: b5d0b02a (10,274 in chips)
157b1da5: posts the ante 40
4d3875b6: posts the ante 40
fa696152: posts the ante 40
20a6e819: posts the ante 40
bc53177: posts the ante 40
b5d0b02a: posts the ante 40
Hero: posts the ante 40
7acb84ad: posts the ante 40
Hero: posts small blind 160
7acb84ad: posts big blind 320
*** HOLE CARDS ***
Dealt to 157b1da5 
Dealt to Hero [9s Ah]
Dealt to 7acb84ad 
Dealt to fa696152 
Dealt to bc53177 
Dealt to 4d3875b6 
Dealt to 20a6e819 
Dealt to b5d0b02a 
fa696152: folds
bc53177: calls 320
4d3875b6: folds
20a6e819: folds
b5d0b02a: folds
157b1da5: folds
Hero: raises 320 to 640
7acb84ad: folds
bc53177: calls 320
*** FLOP *** [Ad Tc 7h]
Hero: bets 960
bc53177: folds
Uncalled bet (960) returned to Hero
*** SHOWDOWN ***
Hero collected 1,920 from pot
*** SUMMARY ***
Total pot 1,920 | Rake 0 | Jackpot 0 | Bingo 0 | Fortune 0 | Tax 0
Board [Ad Tc 7h]
Seat 1: 157b1da5 (button) folded before Flop
Seat 2: Hero (small blind) won (1,920)
Seat 3: 7acb84ad (big blind) folded before Flop
Seat 4: fa696152 folded before Flop
Seat 5: bc53177 folded on the Flop
Seat 6: 4d3875b6 folded before Flop
Seat 7: 20a6e819 folded before Flop
Seat 8: b5d0b02a folded before Flop


Poker Hand #TM3406379642: Tournament #147505975, Daily Turbo $1 Hold'em No Limit - Level6(140/280) - 2024/06/19 22:44:02
Table '27' 8-max Seat #8 is the button
Seat 1: 157b1da5 (9,235 in chips)
Seat 2: Hero (9,865 in chips)
Seat 3: 7acb84ad (38,404 in chips)
Seat 4: fa696152 (16,221 in chips)
Seat 5: bc53177 (8,674 in chips)
Seat 6: 4d3875b6 (20,170 in chips)
Seat 7: 20a6e819 (29,452 in chips)
Seat 8: b5d0b02a (10,869 in chips)
4d3875b6: posts the ante 35
157b1da5: posts the ante 35
fa696152: posts the ante 35
20a6e819: posts the ante 35
bc53177: posts the ante 35
b5d0b02a: posts the ante 35
Hero: posts the ante 35
7acb84ad: posts the ante 35
157b1da5: posts small blind 140
Hero: posts big blind 280
*** HOLE CARDS ***
Dealt to 157b1da5 
Dealt to Hero [9d 6c]
Dealt to 7acb84ad 
Dealt to fa696152 
Dealt to bc53177 
Dealt to 4d3875b6 
Dealt to 20a6e819 
Dealt to b5d0b02a 
7acb84ad: folds
fa696152: raises 280 to 560
bc53177: folds
4d3875b6: calls 560
20a6e819: folds
b5d0b02a: calls 560
157b1da5: calls 420
Hero: calls 280
*** FLOP *** [3s 4s 3h]
157b1da5: checks
Hero: checks
fa696152: checks
4d3875b6: checks
b5d0b02a: checks
*** TURN *** [3s 4s 3h] [4c]
157b1da5: checks
Hero: checks
fa696152: checks
4d3875b6: bets 1,017
b5d0b02a: folds
157b1da5: folds
Hero: folds
fa696152: folds
Uncalled bet (1,017) returned to 4d3875b6
bc53177: shows [3d] (Treys Full over Fours)
*** SHOWDOWN ***
4d3875b6 collected 3,080 from pot
*** SUMMARY ***
Total pot 3,080 | Rake 0 | Jackpot 0 | Bingo 0 | Fortune 0 | Tax 0
Board [3s 4s 3h 4c]
Seat 1: 157b1da5 (small blind) folded on the Turn
Seat 2: Hero (big blind) folded on the Turn
Seat 3: 7acb84ad folded before Flop
Seat 4: fa696152 folded on the Turn
Seat 5: bc53177 folded before Flop
Seat 6: 4d3875b6 won (3,080)
Seat 7: 20a6e819 folded before Flop
Seat 8: b5d0b02a (button) folded on the Turn


Poker Hand #TM3406379616: Tournament #147505975, Daily Turbo $1 Hold'em No Limit - Level6(140/280) - 2024/06/19 22:43:37
Table '27' 8-max Seat #7 is the button
Seat 1: 157b1da5 (9,550 in chips)
Seat 2: Hero (9,900 in chips)
Seat 3: 7acb84ad (38,439 in chips)
Seat 4: fa696152 (16,256 in chips)
Seat 5: bc53177 (8,709 in chips)
Seat 6: 4d3875b6 (20,765 in chips)
Seat 7: 20a6e819 (29,487 in chips)
Seat 8: b5d0b02a (9,784 in chips)
4d3875b6: posts the ante 35
157b1da5: posts the ante 35
fa696152: posts the ante 35
20a6e819: posts the ante 35
bc53177: posts the ante 35
b5d0b02a: posts the ante 35
Hero: posts the ante 35
7acb84ad: posts the ante 35
b5d0b02a: posts small blind 140
157b1da5: posts big blind 280
*** HOLE CARDS ***
Dealt to 157b1da5 
Dealt to Hero [3s 9s]
Dealt to 7acb84ad 
Dealt to fa696152 
Dealt to bc53177 
Dealt to 4d3875b6 
Dealt to 20a6e819 
Dealt to b5d0b02a 
Hero: folds
7acb84ad: folds
fa696152: folds
bc53177: folds
4d3875b6: raises 280 to 560
20a6e819: folds
b5d0b02a: raises 1,260 to 1,820
157b1da5: folds
4d3875b6: folds
Uncalled bet (1,260) returned to b5d0b02a
*** SHOWDOWN ***
b5d0b02a collected 1,680 from pot
*** SUMMARY ***
Total pot 1,680 | Rake 0 | Jackpot 0 | Bingo 0 | Fortune 0 | Tax 0
Seat 1: 157b1da5 (big blind) folded before Flop
Seat 2: Hero folded before Flop
Seat 3: 7acb84ad folded before Flop
Seat 4: fa696152 folded before Flop
Seat 5: bc53177 folded before Flop
Seat 6: 4d3875b6 folded before Flop
Seat 7: 20a6e819 (button) folded before Flop
Seat 8: b5d0b02a (small blind) collected (1,680)


Poker Hand #TM3406379557: Tournament #147505975, Daily Turbo $1 Hold'em No Limit - Level6(140/280) - 2024/06/19 22:42:17
Table '27' 8-max Seat #6 is the button
Seat 1: 157b1da5 (9,585 in chips)
Seat 2: Hero (9,935 in chips)
Seat 3: 7acb84ad (38,474 in chips)
Seat 4: fa696152 (16,291 in chips)
Seat 5: bc53177 (10,000 in chips)
Seat 6: 4d3875b6 (17,868 in chips)
Seat 7: 20a6e819 (29,662 in chips)
Seat 8: b5d0b02a (11,075 in chips)
4d3875b6: posts the ante 35
157b1da5: posts the ante 35
fa696152: posts the ante 35
20a6e819: posts the ante 35
bc53177: posts the ante 35
b5d0b02a: posts the ante 35
Hero: posts the ante 35
7acb84ad: posts the ante 35
20a6e819: posts small blind 140
b5d0b02a: posts big blind 280
*** HOLE CARDS ***
Dealt to 157b1da5 
Dealt to Hero [4d 7s]
Dealt to 7acb84ad 
Dealt to fa696152 
Dealt to bc53177 
Dealt to 4d3875b6 
Dealt to 20a6e819 
Dealt to b5d0b02a 
157b1da5: folds
Hero: folds
7acb84ad: folds
fa696152: folds
bc53177: calls 280
4d3875b6: raises 696 to 976
20a6e819: folds
b5d0b02a: calls 696
bc53177: calls 696
*** FLOP *** [2s 4h 3d]
b5d0b02a: checks
bc53177: bets 280
4d3875b6: calls 280
b5d0b02a: calls 280
*** TURN *** [2s 4h 3d] [Kh]
b5d0b02a: checks
bc53177: checks
4d3875b6: bets 1,187
b5d0b02a: folds
bc53177: folds
Uncalled bet (1,187) returned to 4d3875b6
*** SHOWDOWN ***
4d3875b6 collected 4,188 from pot
*** SUMMARY ***
Total pot 4,188 | Rake 0 | Jackpot 0 | Bingo 0 | Fortune 0 | Tax 0
Board [2s 4h 3d Kh]
Seat 1: 157b1da5 folded before Flop
Seat 2: Hero folded before Flop
Seat 3: 7acb84ad folded before Flop
Seat 4: fa696152 folded before Flop
Seat 5: bc53177 folded on the Turn
Seat 6: 4d3875b6 (button) won (4,188)
Seat 7: 20a6e819 (small blind) folded before Flop
Seat 8: b5d0b02a (big blind) folded on the Turn


Poker Hand #TM3406379491: Tournament #147505975, Daily Turbo $1 Hold'em No Limit - Level6(140/280) - 2024/06/19 22:40:34
Table '27' 8-max Seat #4 is the button
Seat 1: 157b1da5 (9,620 in chips)
Seat 2: Hero (9,970 in chips)
Seat 3: 7acb84ad (39,069 in chips)
Seat 4: fa696152 (16,326 in chips)
Seat 5: 9ab2d8fc (10,632 in chips)
Seat 6: 4d3875b6 (18,463 in chips)
Seat 7: 20a6e819 (17,700 in chips)
Seat 8: b5d0b02a (11,110 in chips)
157b1da5: posts the ante 35
4d3875b6: posts the ante 35
9ab2d8fc: posts the ante 35
fa696152: posts the ante 35
20a6e819: posts the ante 35
b5d0b02a: posts the ante 35
Hero: posts the ante 35
7acb84ad: posts the ante 35
9ab2d8fc: posts small blind 140
4d3875b6: posts big blind 280
*** HOLE CARDS ***
Dealt to 157b1da5 
Dealt to Hero [3s 8h]
Dealt to 7acb84ad 
Dealt to fa696152 
Dealt to 9ab2d8fc 
Dealt to 4d3875b6 
Dealt to 20a6e819 
Dealt to b5d0b02a 
20a6e819: raises 280 to 560
b5d0b02a: folds
157b1da5: folds
Hero: folds
7acb84ad: calls 560
fa696152: folds
9ab2d8fc: calls 420
4d3875b6: calls 280
*** FLOP *** [Kh 6h 8c]
9ab2d8fc: checks
4d3875b6: checks
20a6e819: bets 832
7acb84ad: folds
9ab2d8fc: raises 9,205 to 10,037 and is all-in
4d3875b6: folds
20a6e819: calls 9,205
9ab2d8fc: shows [Th Td] (Pair of Tens)
20a6e819: shows [Ks Qd] (Pair of Kings)
*** TURN *** [Kh 6h 8c] [9c]
*** RIVER *** [Kh 6h 8c 9c] [Jh]
*** SHOWDOWN ***
20a6e819 collected 22,594 from pot
*** SUMMARY ***
Total pot 22,594 | Rake 0 | Jackpot 0 | Bingo 0 | Fortune 0 | Tax 0
Board [Kh 6h 8c 9c Jh]
Seat 1: 157b1da5 folded before Flop
Seat 2: Hero folded before Flop
Seat 3: 7acb84ad folded on the Flop
Seat 4: fa696152 (button) folded before Flop
Seat 5: 9ab2d8fc (small blind) showed [Th Td] and lost with Pair of Tens
Seat 6: 4d3875b6 (big blind) folded on the Flop
Seat 7: 20a6e819 showed [Ks Qd] and won (22,594) with Pair of Kings
Seat 8: b5d0b02a folded before Flop


Poker Hand #TM3406379464: Tournament #147505975, Daily Turbo $1 Hold'em No Limit - Level5(120/240) - 2024/06/19 22:40:00
Table '27' 8-max Seat #3 is the button
Seat 1: 157b1da5 (9,650 in chips)
Seat 2: Hero (10,000 in chips)
Seat 3: 7acb84ad (39,099 in chips)
Seat 4: fa696152 (16,476 in chips)
Seat 5: 9ab2d8fc (10,902 in chips)
Seat 6: 4d3875b6 (18,493 in chips)
Seat 7: 20a6e819 (17,730 in chips)
Seat 8: b5d0b02a (10,540 in chips)
157b1da5: posts the ante 30
4d3875b6: posts the ante 30
9ab2d8fc: posts the ante 30
fa696152: posts the ante 30
20a6e819: posts the ante 30
b5d0b02a: posts the ante 30
Hero: posts the ante 30
7acb84ad: posts the ante 30
fa696152: posts small blind 120
9ab2d8fc: posts big blind 240
*** HOLE CARDS ***
Dealt to 157b1da5 
Dealt to Hero [Jc 3s]
Dealt to 7acb84ad 
Dealt to fa696152 
Dealt to 9ab2d8fc 
Dealt to 4d3875b6 
Dealt to 20a6e819 
Dealt to b5d0b02a 
4d3875b6: folds
20a6e819: folds
b5d0b02a: raises 240 to 480
157b1da5: folds
Hero: folds
7acb84ad: folds
fa696152: folds
9ab2d8fc: folds
Uncalled bet (240) returned to b5d0b02a
*** SHOWDOWN ***
b5d0b02a collected 840 from pot
*** SUMMARY ***
Total pot 840 | Rake 0 | Jackpot 0 | Bingo 0 | Fortune 0 | Tax 0
Seat 1: 157b1da5 folded before Flop
Seat 2: Hero folded before Flop
Seat 3: 7acb84ad (button) folded before Flop
Seat 4: fa696152 (small blind) folded before Flop
Seat 5: 9ab2d8fc (big blind) folded before Flop
Seat 6: 4d3875b6 folded before Flop
Seat 7: 20a6e819 folded before Flop
Seat 8: b5d0b02a collected (840)


