Poker Hand #TM3596124354: Tournament #158872056, Bounty Hunters Special $1.08 Hold'em No Limit - Level7(175/350) - 2024/08/19 10:44:26
Table '121' 8-max Seat #4 is the button
Seat 1: 8745fd65 (15,997 in chips)
Seat 2: 99a9e79c (18,038 in chips)
Seat 3: 3b74e6b2 (33,580 in chips)
Seat 4: e10beafd (43,737 in chips)
Seat 5: b7514d7b (62,585 in chips)
Seat 6: fedd5141 (44,382 in chips)
Seat 7: Hero (10,276 in chips)
Seat 8: 3d25cbf8 (11,478 in chips)
fedd5141: posts the ante 50
99a9e79c: posts the ante 50
e10beafd: posts the ante 50
b7514d7b: posts the ante 50
8745fd65: posts the ante 50
3b74e6b2: posts the ante 50
3d25cbf8: posts the ante 50
Hero: posts the ante 50
b7514d7b: posts small blind 175
fedd5141: posts big blind 350
*** HOLE CARDS ***
Dealt to 8745fd65 
Dealt to 99a9e79c 
Dealt to 3b74e6b2 
Dealt to e10beafd 
Dealt to b7514d7b 
Dealt to fedd5141 
Dealt to Hero [Tc Td]
Dealt to 3d25cbf8 
Hero: calls 350
3d25cbf8: folds
8745fd65: folds
99a9e79c: folds
3b74e6b2: folds
e10beafd: calls 350
b7514d7b: calls 175
fedd5141: checks
*** FLOP *** [5c 4s 7c]
b7514d7b: checks
fedd5141: bets 900
Hero: raises 1,188 to 2,088
e10beafd: folds
b7514d7b: raises 60,097 to 62,185 and is all-in
fedd5141: folds
Hero: calls 7,788 and is all-in
Uncalled bet (52,309) returned to b7514d7b
b7514d7b: shows [4h 4c] (Three Fours)
Hero: shows [Tc Td] (Pair of Tens)
*** TURN *** [5c 4s 7c] [Qh]
*** RIVER *** [5c 4s 7c Qh] [2h]
fedd5141: shows [4d] (Pair of Fours)
*** SHOWDOWN ***
b7514d7b collected 22,452 from pot
*** SUMMARY ***
Total pot 22,452 | Rake 0 | Jackpot 0 | Bingo 0 | Fortune 0 | Tax 0
Board [5c 4s 7c Qh 2h]
Seat 1: 8745fd65 folded before Flop
Seat 2: 99a9e79c folded before Flop
Seat 3: 3b74e6b2 folded before Flop
Seat 4: e10beafd (button) folded on the Flop
Seat 5: b7514d7b (small blind) showed [4h 4c] and won (22,452) with Three Fours
Seat 6: fedd5141 (big blind) folded on the Flop
Seat 7: Hero showed [Tc Td] and lost with Pair of Tens
Seat 8: 3d25cbf8 folded before Flop


Poker Hand #TM3596124344: Tournament #158872056, Bounty Hunters Special $1.08 Hold'em No Limit - Level7(175/350) - 2024/08/19 10:43:34
Table '121' 8-max Seat #3 is the button
Seat 1: 8745fd65 (16,047 in chips)
Seat 2: 99a9e79c (18,088 in chips)
Seat 3: 3b74e6b2 (33,630 in chips)
Seat 4: e10beafd (43,962 in chips)
Seat 5: b7514d7b (60,127 in chips)
Seat 6: fedd5141 (44,432 in chips)
Seat 7: Hero (12,259 in chips)
Seat 8: 3d25cbf8 (11,528 in chips)
fedd5141: posts the ante 50
99a9e79c: posts the ante 50
b7514d7b: posts the ante 50
e10beafd: posts the ante 50
8745fd65: posts the ante 50
3b74e6b2: posts the ante 50
3d25cbf8: posts the ante 50
Hero: posts the ante 50
e10beafd: posts small blind 175
b7514d7b: posts big blind 350
*** HOLE CARDS ***
Dealt to 8745fd65 
Dealt to 99a9e79c 
Dealt to 3b74e6b2 
Dealt to e10beafd 
Dealt to b7514d7b 
Dealt to fedd5141 
Dealt to Hero [Ac Qc]
Dealt to 3d25cbf8 
fedd5141: folds
Hero: raises 700 to 1,050
3d25cbf8: folds
8745fd65: folds
99a9e79c: folds
3b74e6b2: folds
e10beafd: folds
b7514d7b: calls 700
*** FLOP *** [Ks Kh 2d]
b7514d7b: checks
Hero: bets 883
b7514d7b: raises 2,221 to 3,104
Hero: folds
Uncalled bet (2,221) returned to b7514d7b
*** SHOWDOWN ***
b7514d7b collected 4,441 from pot
*** SUMMARY ***
Total pot 4,441 | Rake 0 | Jackpot 0 | Bingo 0 | Fortune 0 | Tax 0
Board [Ks Kh 2d]
Seat 1: 8745fd65 folded before Flop
Seat 2: 99a9e79c folded before Flop
Seat 3: 3b74e6b2 (button) folded before Flop
Seat 4: e10beafd (small blind) folded before Flop
Seat 5: b7514d7b (big blind) won (4,441)
Seat 6: fedd5141 folded before Flop
Seat 7: Hero folded on the Flop
Seat 8: 3d25cbf8 folded before Flop


Poker Hand #TM3596124328: Tournament #158872056, Bounty Hunters Special $1.08 Hold'em No Limit - Level7(175/350) - 2024/08/19 10:42:29
Table '121' 8-max Seat #2 is the button
Seat 1: 8745fd65 (16,097 in chips)
Seat 2: 99a9e79c (18,138 in chips)
Seat 3: 3b74e6b2 (33,855 in chips)
Seat 4: e10beafd (44,712 in chips)
Seat 5: b7514d7b (60,177 in chips)
Seat 6: fedd5141 (42,507 in chips)
Seat 7: Hero (13,009 in chips)
Seat 8: 3d25cbf8 (11,578 in chips)
fedd5141: posts the ante 50
99a9e79c: posts the ante 50
b7514d7b: posts the ante 50
e10beafd: posts the ante 50
8745fd65: posts the ante 50
3b74e6b2: posts the ante 50
3d25cbf8: posts the ante 50
Hero: posts the ante 50
3b74e6b2: posts small blind 175
e10beafd: posts big blind 350
*** HOLE CARDS ***
Dealt to 8745fd65 
Dealt to 99a9e79c 
Dealt to 3b74e6b2 
Dealt to e10beafd 
Dealt to b7514d7b 
Dealt to fedd5141 
Dealt to Hero [As Kc]
Dealt to 3d25cbf8 
b7514d7b: folds
fedd5141: raises 350 to 700
Hero: calls 700
3d25cbf8: folds
8745fd65: folds
99a9e79c: folds
3b74e6b2: folds
e10beafd: calls 350
*** FLOP *** [3d 3h 4c]
e10beafd: checks
fedd5141: bets 883
Hero: folds
e10beafd: folds
Uncalled bet (883) returned to fedd5141
*** SHOWDOWN ***
fedd5141 collected 2,675 from pot
*** SUMMARY ***
Total pot 2,675 | Rake 0 | Jackpot 0 | Bingo 0 | Fortune 0 | Tax 0
Board [3d 3h 4c]
Seat 1: 8745fd65 folded before Flop
Seat 2: 99a9e79c (button) folded before Flop
Seat 3: 3b74e6b2 (small blind) folded before Flop
Seat 4: e10beafd (big blind) folded on the Flop
Seat 5: b7514d7b folded before Flop
Seat 6: fedd5141 won (2,675)
Seat 7: Hero folded on the Flop
Seat 8: 3d25cbf8 folded before Flop


Poker Hand #TM3596124308: Tournament #158872056, Bounty Hunters Special $1.08 Hold'em No Limit - Level7(175/350) - 2024/08/19 10:41:12
Table '121' 8-max Seat #1 is the button
Seat 1: 8745fd65 (16,147 in chips)
Seat 2: 99a9e79c (18,363 in chips)
Seat 3: 3b74e6b2 (34,255 in chips)
Seat 4: e10beafd (44,762 in chips)
Seat 5: b7514d7b (60,227 in chips)
Seat 6: fedd5141 (46,730 in chips)
Seat 7: Hero (7,961 in chips)
Seat 8: 3d25cbf8 (11,628 in chips)
fedd5141: posts the ante 50
99a9e79c: posts the ante 50
b7514d7b: posts the ante 50
e10beafd: posts the ante 50
8745fd65: posts the ante 50
3b74e6b2: posts the ante 50
3d25cbf8: posts the ante 50
Hero: posts the ante 50
99a9e79c: posts small blind 175
3b74e6b2: posts big blind 350
*** HOLE CARDS ***
Dealt to 8745fd65 
Dealt to 99a9e79c 
Dealt to 3b74e6b2 
Dealt to e10beafd 
Dealt to b7514d7b 
Dealt to fedd5141 
Dealt to Hero [Ks Qs]
Dealt to 3d25cbf8 
e10beafd: folds
b7514d7b: folds
fedd5141: raises 700 to 1,050
Hero: calls 1,050
3d25cbf8: folds
8745fd65: folds
99a9e79c: folds
3b74e6b2: folds
*** FLOP *** [Kd 4s 8h]
fedd5141: checks
Hero: checks
*** TURN *** [Kd 4s 8h] [9s]
fedd5141: bets 805
Hero: calls 805
*** RIVER *** [Kd 4s 8h 9s] [4c]
fedd5141: bets 2,318
Hero: raises 3,738 to 6,056 and is all-in
fedd5141: folds
Uncalled bet (3,738) returned to Hero
*** SHOWDOWN ***
Hero collected 9,271 from pot
*** SUMMARY ***
Total pot 9,271 | Rake 0 | Jackpot 0 | Bingo 0 | Fortune 0 | Tax 0
Board [Kd 4s 8h 9s 4c]
Seat 1: 8745fd65 (button) folded before Flop
Seat 2: 99a9e79c (small blind) folded before Flop
Seat 3: 3b74e6b2 (big blind) folded before Flop
Seat 4: e10beafd folded before Flop
Seat 5: b7514d7b folded before Flop
Seat 6: fedd5141 folded on the River
Seat 7: Hero won (9,271)
Seat 8: 3d25cbf8 folded before Flop


Poker Hand #TM3596124288: Tournament #158872056, Bounty Hunters Special $1.08 Hold'em No Limit - Level7(175/350) - 2024/08/19 10:40:16
Table '121' 8-max Seat #8 is the button
Seat 1: 8745fd65 (16,372 in chips)
Seat 2: 99a9e79c (18,763 in chips)
Seat 3: 3b74e6b2 (34,305 in chips)
Seat 4: e10beafd (43,187 in chips)
Seat 5: b7514d7b (60,277 in chips)
Seat 6: fedd5141 (46,780 in chips)
Seat 7: Hero (8,011 in chips)
Seat 8: 3d25cbf8 (12,378 in chips)
fedd5141: posts the ante 50
99a9e79c: posts the ante 50
b7514d7b: posts the ante 50
e10beafd: posts the ante 50
8745fd65: posts the ante 50
3b74e6b2: posts the ante 50
3d25cbf8: posts the ante 50
Hero: posts the ante 50
8745fd65: posts small blind 175
99a9e79c: posts big blind 350
*** HOLE CARDS ***
Dealt to 8745fd65 
Dealt to 99a9e79c 
Dealt to 3b74e6b2 
Dealt to e10beafd 
Dealt to b7514d7b 
Dealt to fedd5141 
Dealt to Hero [2s 6s]
Dealt to 3d25cbf8 
3b74e6b2: folds
e10beafd: raises 350 to 700
b7514d7b: folds
fedd5141: folds
Hero: folds
3d25cbf8: calls 700
8745fd65: folds
99a9e79c: folds
*** FLOP *** [Ts Ks Ah]
e10beafd: bets 1,163
3d25cbf8: folds
Uncalled bet (1,163) returned to e10beafd
*** SHOWDOWN ***
e10beafd collected 2,325 from pot
*** SUMMARY ***
Total pot 2,325 | Rake 0 | Jackpot 0 | Bingo 0 | Fortune 0 | Tax 0
Board [Ts Ks Ah]
Seat 1: 8745fd65 (small blind) folded before Flop
Seat 2: 99a9e79c (big blind) folded before Flop
Seat 3: 3b74e6b2 folded before Flop
Seat 4: e10beafd won (2,325)
Seat 5: b7514d7b folded before Flop
Seat 6: fedd5141 folded before Flop
Seat 7: Hero folded before Flop
Seat 8: 3d25cbf8 (button) folded on the Flop


Poker Hand #TM3596124274: Tournament #158872056, Bounty Hunters Special $1.08 Hold'em No Limit - Level7(175/350) - 2024/08/19 10:39:07
Table '121' 8-max Seat #7 is the button
Seat 1: 8745fd65 (16,772 in chips)
Seat 2: 99a9e79c (18,813 in chips)
Seat 3: 3b74e6b2 (34,355 in chips)
Seat 4: e10beafd (43,237 in chips)
Seat 5: b7514d7b (60,327 in chips)
Seat 6: fedd5141 (49,419 in chips)
Seat 7: Hero (8,061 in chips)
Seat 8: 3d25cbf8 (9,089 in chips)
fedd5141: posts the ante 50
99a9e79c: posts the ante 50
b7514d7b: posts the ante 50
e10beafd: posts the ante 50
8745fd65: posts the ante 50
3b74e6b2: posts the ante 50
3d25cbf8: posts the ante 50
Hero: posts the ante 50
3d25cbf8: posts small blind 175
8745fd65: posts big blind 350
*** HOLE CARDS ***
Dealt to 8745fd65 
Dealt to 99a9e79c 
Dealt to 3b74e6b2 
Dealt to e10beafd 
Dealt to b7514d7b 
Dealt to fedd5141 
Dealt to Hero [Qs 8d]
Dealt to 3d25cbf8 
99a9e79c: folds
3b74e6b2: folds
e10beafd: folds
b7514d7b: folds
fedd5141: raises 350 to 700
Hero: folds
3d25cbf8: raises 710 to 1,410
8745fd65: folds
fedd5141: calls 710
*** FLOP *** [4s 5s 6d]
3d25cbf8: bets 1,179
fedd5141: calls 1,179
*** TURN *** [4s 5s 6d] [Ah]
3d25cbf8: bets 1,957
fedd5141: folds
Uncalled bet (1,957) returned to 3d25cbf8
*** SHOWDOWN ***
3d25cbf8 collected 5,928 from pot
*** SUMMARY ***
Total pot 5,928 | Rake 0 | Jackpot 0 | Bingo 0 | Fortune 0 | Tax 0
Board [4s 5s 6d Ah]
Seat 1: 8745fd65 (big blind) folded before Flop
Seat 2: 99a9e79c folded before Flop
Seat 3: 3b74e6b2 folded before Flop
Seat 4: e10beafd folded before Flop
Seat 5: b7514d7b folded before Flop
Seat 6: fedd5141 folded on the Turn
Seat 7: Hero (button) folded before Flop
Seat 8: 3d25cbf8 (small blind) won (5,928)


Poker Hand #TM3596124262: Tournament #158872056, Bounty Hunters Special $1.08 Hold'em No Limit - Level7(175/350) - 2024/08/19 10:38:32
Table '121' 8-max Seat #6 is the button
Seat 1: 8745fd65 (16,822 in chips)
Seat 2: 99a9e79c (9,169 in chips)
Seat 3: 3b74e6b2 (34,405 in chips)
Seat 4: e10beafd (43,287 in chips)
Seat 5: b7514d7b (60,377 in chips)
Seat 6: fedd5141 (49,469 in chips)
Seat 7: Hero (8,286 in chips)
Seat 8: 3d25cbf8 (18,258 in chips)
fedd5141: posts the ante 50
99a9e79c: posts the ante 50
b7514d7b: posts the ante 50
e10beafd: posts the ante 50
8745fd65: posts the ante 50
3b74e6b2: posts the ante 50
3d25cbf8: posts the ante 50
Hero: posts the ante 50
Hero: posts small blind 175
3d25cbf8: posts big blind 350
*** HOLE CARDS ***
Dealt to 8745fd65 
Dealt to 99a9e79c 
Dealt to 3b74e6b2 
Dealt to e10beafd 
Dealt to b7514d7b 
Dealt to fedd5141 
Dealt to Hero [7d 5s]
Dealt to 3d25cbf8 
8745fd65: folds
99a9e79c: raises 8,769 to 9,119 and is all-in
3b74e6b2: folds
e10beafd: folds
b7514d7b: folds
fedd5141: folds
Hero: folds
3d25cbf8: calls 8,769
99a9e79c: shows [Ac Ks]
3d25cbf8: shows [Qd Jd]
*** FLOP *** [2d Jc Qs]
*** TURN *** [2d Jc Qs] [9s]
*** RIVER *** [2d Jc Qs 9s] [Th]
*** SHOWDOWN ***
99a9e79c collected 18,813 from pot
*** SUMMARY ***
Total pot 18,813 | Rake 0 | Jackpot 0 | Bingo 0 | Fortune 0 | Tax 0
Board [2d Jc Qs 9s Th]
Seat 1: 8745fd65 folded before Flop
Seat 2: 99a9e79c showed [Ac Ks] and won (18,813) with Aces-High Straight
Seat 3: 3b74e6b2 folded before Flop
Seat 4: e10beafd folded before Flop
Seat 5: b7514d7b folded before Flop
Seat 6: fedd5141 (button) folded before Flop
Seat 7: Hero (small blind) folded before Flop
Seat 8: 3d25cbf8 (big blind) showed [Qd Jd] and lost with Pair of Queens and Pair of Jacks


Poker Hand #TM3596124243: Tournament #158872056, Bounty Hunters Special $1.08 Hold'em No Limit - Level7(175/350) - 2024/08/19 10:37:13
Table '121' 8-max Seat #5 is the button
Seat 1: 8745fd65 (16,872 in chips)
Seat 2: 99a9e79c (9,219 in chips)
Seat 3: 3b74e6b2 (36,327 in chips)
Seat 4: e10beafd (45,209 in chips)
Seat 5: b7514d7b (60,427 in chips)
Seat 6: fedd5141 (44,325 in chips)
Seat 7: Hero (8,686 in chips)
Seat 8: 3d25cbf8 (19,008 in chips)
fedd5141: posts the ante 50
99a9e79c: posts the ante 50
b7514d7b: posts the ante 50
e10beafd: posts the ante 50
8745fd65: posts the ante 50
3b74e6b2: posts the ante 50
3d25cbf8: posts the ante 50
Hero: posts the ante 50
fedd5141: posts small blind 175
Hero: posts big blind 350
*** HOLE CARDS ***
Dealt to 8745fd65 
Dealt to 99a9e79c 
Dealt to 3b74e6b2 
Dealt to e10beafd 
Dealt to b7514d7b 
Dealt to fedd5141 
Dealt to Hero [6d 8c]
Dealt to 3d25cbf8 
3d25cbf8: raises 350 to 700
8745fd65: folds
99a9e79c: folds
3b74e6b2: calls 700
e10beafd: calls 700
b7514d7b: folds
fedd5141: raises 1,172 to 1,872
Hero: folds
3d25cbf8: folds
3b74e6b2: calls 1,172
e10beafd: calls 1,172
*** FLOP *** [8s 3s 6h]
fedd5141: bets 3,533
3b74e6b2: folds
e10beafd: folds
Uncalled bet (3,533) returned to fedd5141
*** SHOWDOWN ***
fedd5141 collected 7,066 from pot
*** SUMMARY ***
Total pot 7,066 | Rake 0 | Jackpot 0 | Bingo 0 | Fortune 0 | Tax 0
Board [8s 3s 6h]
Seat 1: 8745fd65 folded before Flop
Seat 2: 99a9e79c folded before Flop
Seat 3: 3b74e6b2 folded on the Flop
Seat 4: e10beafd folded on the Flop
Seat 5: b7514d7b (button) folded before Flop
Seat 6: fedd5141 (small blind) won (7,066)
Seat 7: Hero (big blind) folded before Flop
Seat 8: 3d25cbf8 folded before Flop


Poker Hand #TM3596124227: Tournament #158872056, Bounty Hunters Special $1.08 Hold'em No Limit - Level6(150/300) - 2024/08/19 10:35:59
Table '121' 8-max Seat #4 is the button
Seat 1: 8745fd65 (16,917 in chips)
Seat 2: 99a9e79c (9,264 in chips)
Seat 3: 3b74e6b2 (36,372 in chips)
Seat 4: e10beafd (42,183 in chips)
Seat 5: b7514d7b (61,072 in chips)
Seat 6: fedd5141 (45,881 in chips)
Seat 7: Hero (8,731 in chips)
Seat 8: 3d25cbf8 (19,653 in chips)
fedd5141: posts the ante 45
99a9e79c: posts the ante 45
e10beafd: posts the ante 45
b7514d7b: posts the ante 45
8745fd65: posts the ante 45
3b74e6b2: posts the ante 45
3d25cbf8: posts the ante 45
Hero: posts the ante 45
b7514d7b: posts small blind 150
fedd5141: posts big blind 300
*** HOLE CARDS ***
Dealt to 8745fd65 
Dealt to 99a9e79c 
Dealt to 3b74e6b2 
Dealt to e10beafd 
Dealt to b7514d7b 
Dealt to fedd5141 
Dealt to Hero [4c 7d]
Dealt to 3d25cbf8 
Hero: folds
3d25cbf8: raises 300 to 600
8745fd65: folds
99a9e79c: folds
3b74e6b2: folds
e10beafd: calls 600
b7514d7b: calls 450
fedd5141: calls 300
*** FLOP *** [2c 9h As]
b7514d7b: checks
fedd5141: checks
3d25cbf8: checks
e10beafd: checks
*** TURN *** [2c 9h As] [5c]
b7514d7b: checks
fedd5141: checks
3d25cbf8: checks
e10beafd: checks
*** RIVER *** [2c 9h As 5c] [3h]
b7514d7b: checks
fedd5141: bets 911
3d25cbf8: folds
e10beafd: calls 911
b7514d7b: folds
fedd5141: shows [3d Jc] (Pair of Treys)
e10beafd: shows [3s 3c] (Three Treys)
*** SHOWDOWN ***
e10beafd collected 4,582 from pot
*** SUMMARY ***
Total pot 4,582 | Rake 0 | Jackpot 0 | Bingo 0 | Fortune 0 | Tax 0
Board [2c 9h As 5c 3h]
Seat 1: 8745fd65 folded before Flop
Seat 2: 99a9e79c folded before Flop
Seat 3: 3b74e6b2 folded before Flop
Seat 4: e10beafd (button) showed [3s 3c] and won (4,582) with Three Treys
Seat 5: b7514d7b (small blind) folded on the River
Seat 6: fedd5141 (big blind) showed [3d Jc] and lost with Pair of Treys
Seat 7: Hero folded before Flop
Seat 8: 3d25cbf8 folded on the River


Poker Hand #TM3596124212: Tournament #158872056, Bounty Hunters Special $1.08 Hold'em No Limit - Level6(150/300) - 2024/08/19 10:35:11
Table '121' 8-max Seat #3 is the button
Seat 1: 8745fd65 (16,962 in chips)
Seat 2: 99a9e79c (9,309 in chips)
Seat 3: 3b74e6b2 (37,317 in chips)
Seat 4: e10beafd (42,378 in chips)
Seat 5: b7514d7b (62,017 in chips)
Seat 6: fedd5141 (43,616 in chips)
Seat 7: Hero (8,776 in chips)
Seat 8: 3d25cbf8 (19,698 in chips)
fedd5141: posts the ante 45
99a9e79c: posts the ante 45
b7514d7b: posts the ante 45
e10beafd: posts the ante 45
8745fd65: posts the ante 45
3b74e6b2: posts the ante 45
3d25cbf8: posts the ante 45
Hero: posts the ante 45
e10beafd: posts small blind 150
b7514d7b: posts big blind 300
*** HOLE CARDS ***
Dealt to 8745fd65 
Dealt to 99a9e79c 
Dealt to 3b74e6b2 
Dealt to e10beafd 
Dealt to b7514d7b 
Dealt to fedd5141 
Dealt to Hero [Qc 4c]
Dealt to 3d25cbf8 
fedd5141: raises 600 to 900
Hero: folds
3d25cbf8: folds
8745fd65: folds
99a9e79c: folds
3b74e6b2: calls 900
e10beafd: folds
b7514d7b: calls 600
*** FLOP *** [2c Th As]
b7514d7b: checks
fedd5141: checks
3b74e6b2: checks
*** TURN *** [2c Th As] [8h]
b7514d7b: checks
fedd5141: bets 2,408
3b74e6b2: folds
b7514d7b: folds
Uncalled bet (2,408) returned to fedd5141
*** SHOWDOWN ***
fedd5141 collected 3,210 from pot
*** SUMMARY ***
Total pot 3,210 | Rake 0 | Jackpot 0 | Bingo 0 | Fortune 0 | Tax 0
Board [2c Th As 8h]
Seat 1: 8745fd65 folded before Flop
Seat 2: 99a9e79c folded before Flop
Seat 3: 3b74e6b2 (button) folded on the Turn
Seat 4: e10beafd (small blind) folded before Flop
Seat 5: b7514d7b (big blind) folded on the Turn
Seat 6: fedd5141 won (3,210)
Seat 7: Hero folded before Flop
Seat 8: 3d25cbf8 folded before Flop


Poker Hand #TM3596124206: Tournament #158872056, Bounty Hunters Special $1.08 Hold'em No Limit - Level6(150/300) - 2024/08/19 10:34:40
Table '121' 8-max Seat #2 is the button
Seat 1: 8745fd65 (17,007 in chips)
Seat 2: 99a9e79c (9,354 in chips)
Seat 3: 3b74e6b2 (36,702 in chips)
Seat 4: e10beafd (42,723 in chips)
Seat 5: b7514d7b (62,062 in chips)
Seat 6: fedd5141 (43,661 in chips)
Seat 7: Hero (8,821 in chips)
Seat 8: 3d25cbf8 (19,743 in chips)
fedd5141: posts the ante 45
99a9e79c: posts the ante 45
b7514d7b: posts the ante 45
e10beafd: posts the ante 45
8745fd65: posts the ante 45
3b74e6b2: posts the ante 45
3d25cbf8: posts the ante 45
Hero: posts the ante 45
3b74e6b2: posts small blind 150
e10beafd: posts big blind 300
*** HOLE CARDS ***
Dealt to 8745fd65 
Dealt to 99a9e79c 
Dealt to 3b74e6b2 
Dealt to e10beafd 
Dealt to b7514d7b 
Dealt to fedd5141 
Dealt to Hero [8d 4h]
Dealt to 3d25cbf8 
b7514d7b: folds
fedd5141: folds
Hero: folds
3d25cbf8: folds
8745fd65: folds
99a9e79c: folds
3b74e6b2: raises 960 to 1,260
e10beafd: folds
Uncalled bet (960) returned to 3b74e6b2
*** SHOWDOWN ***
3b74e6b2 collected 960 from pot
*** SUMMARY ***
Total pot 960 | Rake 0 | Jackpot 0 | Bingo 0 | Fortune 0 | Tax 0
Seat 1: 8745fd65 folded before Flop
Seat 2: 99a9e79c (button) folded before Flop
Seat 3: 3b74e6b2 (small blind) collected (960)
Seat 4: e10beafd (big blind) folded before Flop
Seat 5: b7514d7b folded before Flop
Seat 6: fedd5141 folded before Flop
Seat 7: Hero folded before Flop
Seat 8: 3d25cbf8 folded before Flop


Poker Hand #TM3596124196: Tournament #158872056, Bounty Hunters Special $1.08 Hold'em No Limit - Level6(150/300) - 2024/08/19 10:33:58
Table '121' 8-max Seat #1 is the button
Seat 1: 8745fd65 (17,052 in chips)
Seat 2: 99a9e79c (9,549 in chips)
Seat 3: 3b74e6b2 (37,047 in chips)
Seat 4: e10beafd (41,958 in chips)
Seat 5: b7514d7b (62,107 in chips)
Seat 6: fedd5141 (43,706 in chips)
Seat 7: Hero (8,866 in chips)
Seat 8: 3d25cbf8 (19,788 in chips)
fedd5141: posts the ante 45
99a9e79c: posts the ante 45
b7514d7b: posts the ante 45
e10beafd: posts the ante 45
8745fd65: posts the ante 45
3b74e6b2: posts the ante 45
3d25cbf8: posts the ante 45
Hero: posts the ante 45
99a9e79c: posts small blind 150
3b74e6b2: posts big blind 300
*** HOLE CARDS ***
Dealt to 8745fd65 
Dealt to 99a9e79c 
Dealt to 3b74e6b2 
Dealt to e10beafd 
Dealt to b7514d7b 
Dealt to fedd5141 
Dealt to Hero [4h 3d]
Dealt to 3d25cbf8 
e10beafd: raises 300 to 600
b7514d7b: folds
fedd5141: folds
Hero: folds
3d25cbf8: folds
8745fd65: folds
99a9e79c: folds
3b74e6b2: folds
Uncalled bet (300) returned to e10beafd
*** SHOWDOWN ***
e10beafd collected 1,110 from pot
*** SUMMARY ***
Total pot 1,110 | Rake 0 | Jackpot 0 | Bingo 0 | Fortune 0 | Tax 0
Seat 1: 8745fd65 (button) folded before Flop
Seat 2: 99a9e79c (small blind) folded before Flop
Seat 3: 3b74e6b2 (big blind) folded before Flop
Seat 4: e10beafd collected (1,110)
Seat 5: b7514d7b folded before Flop
Seat 6: fedd5141 folded before Flop
Seat 7: Hero folded before Flop
Seat 8: 3d25cbf8 folded before Flop


Poker Hand #TM3596124182: Tournament #158872056, Bounty Hunters Special $1.08 Hold'em No Limit - Level6(150/300) - 2024/08/19 10:33:03
Table '121' 8-max Seat #8 is the button
Seat 1: 8745fd65 (17,247 in chips)
Seat 2: 99a9e79c (9,894 in chips)
Seat 3: 3b74e6b2 (37,092 in chips)
Seat 4: e10beafd (42,003 in chips)
Seat 5: b7514d7b (62,152 in chips)
Seat 6: fedd5141 (43,751 in chips)
Seat 7: Hero (8,101 in chips)
Seat 8: 3d25cbf8 (19,833 in chips)
fedd5141: posts the ante 45
99a9e79c: posts the ante 45
b7514d7b: posts the ante 45
e10beafd: posts the ante 45
8745fd65: posts the ante 45
3b74e6b2: posts the ante 45
3d25cbf8: posts the ante 45
Hero: posts the ante 45
8745fd65: posts small blind 150
99a9e79c: posts big blind 300
*** HOLE CARDS ***
Dealt to 8745fd65 
Dealt to 99a9e79c 
Dealt to 3b74e6b2 
Dealt to e10beafd 
Dealt to b7514d7b 
Dealt to fedd5141 
Dealt to Hero [6s 8s]
Dealt to 3d25cbf8 
3b74e6b2: folds
e10beafd: folds
b7514d7b: folds
fedd5141: folds
Hero: calls 300
3d25cbf8: folds
8745fd65: folds
99a9e79c: checks
*** FLOP *** [Kh 3d Tc]
99a9e79c: checks
Hero: bets 367
99a9e79c: folds
Uncalled bet (367) returned to Hero
*** SHOWDOWN ***
Hero collected 1,110 from pot
*** SUMMARY ***
Total pot 1,110 | Rake 0 | Jackpot 0 | Bingo 0 | Fortune 0 | Tax 0
Board [Kh 3d Tc]
Seat 1: 8745fd65 (small blind) folded before Flop
Seat 2: 99a9e79c (big blind) folded on the Flop
Seat 3: 3b74e6b2 folded before Flop
Seat 4: e10beafd folded before Flop
Seat 5: b7514d7b folded before Flop
Seat 6: fedd5141 folded before Flop
Seat 7: Hero won (1,110)
Seat 8: 3d25cbf8 (button) folded before Flop


Poker Hand #TM3596124173: Tournament #158872056, Bounty Hunters Special $1.08 Hold'em No Limit - Level6(150/300) - 2024/08/19 10:32:07
Table '121' 8-max Seat #7 is the button
Seat 1: 8745fd65 (17,592 in chips)
Seat 2: 99a9e79c (12,999 in chips)
Seat 3: 3b74e6b2 (37,137 in chips)
Seat 4: e10beafd (42,048 in chips)
Seat 5: b7514d7b (62,197 in chips)
Seat 6: fedd5141 (43,796 in chips)
Seat 7: Hero (8,746 in chips)
Seat 8: 3d25cbf8 (15,558 in chips)
fedd5141: posts the ante 45
99a9e79c: posts the ante 45
b7514d7b: posts the ante 45
e10beafd: posts the ante 45
8745fd65: posts the ante 45
3b74e6b2: posts the ante 45
3d25cbf8: posts the ante 45
Hero: posts the ante 45
3d25cbf8: posts small blind 150
8745fd65: posts big blind 300
*** HOLE CARDS ***
Dealt to 8745fd65 
Dealt to 99a9e79c 
Dealt to 3b74e6b2 
Dealt to e10beafd 
Dealt to b7514d7b 
Dealt to fedd5141 
Dealt to Hero [Jh Qd]
Dealt to 3d25cbf8 
99a9e79c: raises 300 to 600
3b74e6b2: folds
e10beafd: folds
b7514d7b: folds
fedd5141: folds
Hero: calls 600
3d25cbf8: raises 2,460 to 3,060
8745fd65: folds
99a9e79c: calls 2,460
Hero: folds
*** FLOP *** [5h 5c 5d]
3d25cbf8: bets 12,453 and is all-in
99a9e79c: folds
Uncalled bet (12,453) returned to 3d25cbf8
*** SHOWDOWN ***
3d25cbf8 collected 7,380 from pot
*** SUMMARY ***
Total pot 7,380 | Rake 0 | Jackpot 0 | Bingo 0 | Fortune 0 | Tax 0
Board [5h 5c 5d]
Seat 1: 8745fd65 (big blind) folded before Flop
Seat 2: 99a9e79c folded on the Flop
Seat 3: 3b74e6b2 folded before Flop
Seat 4: e10beafd folded before Flop
Seat 5: b7514d7b folded before Flop
Seat 6: fedd5141 folded before Flop
Seat 7: Hero (button) folded before Flop
Seat 8: 3d25cbf8 (small blind) won (7,380)


Poker Hand #TM3596124169: Tournament #158872056, Bounty Hunters Special $1.08 Hold'em No Limit - Level6(150/300) - 2024/08/19 10:31:42
Table '121' 8-max Seat #6 is the button
Seat 1: 8745fd65 (17,637 in chips)
Seat 2: 99a9e79c (11,784 in chips)
Seat 3: 3b74e6b2 (37,182 in chips)
Seat 4: e10beafd (42,093 in chips)
Seat 5: b7514d7b (62,242 in chips)
Seat 6: fedd5141 (43,841 in chips)
Seat 7: Hero (9,391 in chips)
Seat 8: 3d25cbf8 (15,903 in chips)
fedd5141: posts the ante 45
99a9e79c: posts the ante 45
b7514d7b: posts the ante 45
e10beafd: posts the ante 45
8745fd65: posts the ante 45
3b74e6b2: posts the ante 45
3d25cbf8: posts the ante 45
Hero: posts the ante 45
Hero: posts small blind 150
3d25cbf8: posts big blind 300
*** HOLE CARDS ***
Dealt to 8745fd65 
Dealt to 99a9e79c 
Dealt to 3b74e6b2 
Dealt to e10beafd 
Dealt to b7514d7b 
Dealt to fedd5141 
Dealt to Hero [Ts 9d]
Dealt to 3d25cbf8 
8745fd65: folds
99a9e79c: raises 300 to 600
3b74e6b2: folds
e10beafd: folds
b7514d7b: folds
fedd5141: folds
Hero: calls 450
3d25cbf8: folds
*** FLOP *** [Qs Kc 3c]
Hero: checks
99a9e79c: bets 614
Hero: folds
Uncalled bet (614) returned to 99a9e79c
*** SHOWDOWN ***
99a9e79c collected 1,860 from pot
*** SUMMARY ***
Total pot 1,860 | Rake 0 | Jackpot 0 | Bingo 0 | Fortune 0 | Tax 0
Board [Qs Kc 3c]
Seat 1: 8745fd65 folded before Flop
Seat 2: 99a9e79c won (1,860)
Seat 3: 3b74e6b2 folded before Flop
Seat 4: e10beafd folded before Flop
Seat 5: b7514d7b folded before Flop
Seat 6: fedd5141 (button) folded before Flop
Seat 7: Hero (small blind) folded on the Flop
Seat 8: 3d25cbf8 (big blind) folded before Flop


Poker Hand #TM3596124163: Tournament #158872056, Bounty Hunters Special $1.08 Hold'em No Limit - Level6(150/300) - 2024/08/19 10:31:25
Table '121' 8-max Seat #5 is the button
Seat 1: 8745fd65 (17,682 in chips)
Seat 2: 99a9e79c (11,829 in chips)
Seat 3: 3b74e6b2 (37,227 in chips)
Seat 4: e10beafd (42,138 in chips)
Seat 5: b7514d7b (61,477 in chips)
Seat 6: fedd5141 (44,036 in chips)
Seat 7: Hero (9,736 in chips)
Seat 8: 3d25cbf8 (15,948 in chips)
fedd5141: posts the ante 45
99a9e79c: posts the ante 45
b7514d7b: posts the ante 45
e10beafd: posts the ante 45
8745fd65: posts the ante 45
3b74e6b2: posts the ante 45
3d25cbf8: posts the ante 45
Hero: posts the ante 45
fedd5141: posts small blind 150
Hero: posts big blind 300
*** HOLE CARDS ***
Dealt to 8745fd65 
Dealt to 99a9e79c 
Dealt to 3b74e6b2 
Dealt to e10beafd 
Dealt to b7514d7b 
Dealt to fedd5141 
Dealt to Hero [Js 6d]
Dealt to 3d25cbf8 
3d25cbf8: folds
8745fd65: folds
99a9e79c: folds
3b74e6b2: folds
e10beafd: folds
b7514d7b: raises 390 to 690
fedd5141: folds
Hero: folds
Uncalled bet (390) returned to b7514d7b
*** SHOWDOWN ***
b7514d7b collected 1,110 from pot
*** SUMMARY ***
Total pot 1,110 | Rake 0 | Jackpot 0 | Bingo 0 | Fortune 0 | Tax 0
Seat 1: 8745fd65 folded before Flop
Seat 2: 99a9e79c folded before Flop
Seat 3: 3b74e6b2 folded before Flop
Seat 4: e10beafd folded before Flop
Seat 5: b7514d7b (button) collected (1,110)
Seat 6: fedd5141 (small blind) folded before Flop
Seat 7: Hero (big blind) folded before Flop
Seat 8: 3d25cbf8 folded before Flop


Poker Hand #TM3596124153: Tournament #158872056, Bounty Hunters Special $1.08 Hold'em No Limit - Level6(150/300) - 2024/08/19 10:30:33
Table '121' 8-max Seat #4 is the button
Seat 1: 8745fd65 (17,727 in chips)
Seat 2: 99a9e79c (10,000 in chips)
Seat 3: 3b74e6b2 (37,272 in chips)
Seat 4: e10beafd (42,183 in chips)
Seat 5: b7514d7b (62,736 in chips)
Seat 6: fedd5141 (44,381 in chips)
Seat 7: Hero (9,781 in chips)
Seat 8: 3d25cbf8 (15,993 in chips)
fedd5141: posts the ante 45
99a9e79c: posts the ante 45
e10beafd: posts the ante 45
b7514d7b: posts the ante 45
8745fd65: posts the ante 45
3b74e6b2: posts the ante 45
3d25cbf8: posts the ante 45
Hero: posts the ante 45
b7514d7b: posts small blind 150
fedd5141: posts big blind 300
*** HOLE CARDS ***
Dealt to 8745fd65 
Dealt to 99a9e79c 
Dealt to 3b74e6b2 
Dealt to e10beafd 
Dealt to b7514d7b 
Dealt to fedd5141 
Dealt to Hero [8h 3d]
Dealt to 3d25cbf8 
Hero: folds
3d25cbf8: folds
8745fd65: folds
99a9e79c: raises 300 to 600
3b74e6b2: folds
e10beafd: folds
b7514d7b: calls 450
fedd5141: folds
*** FLOP *** [8c 4s 2d]
b7514d7b: checks
99a9e79c: bets 614
b7514d7b: calls 614
*** TURN *** [8c 4s 2d] [Ks]
b7514d7b: checks
99a9e79c: bets 1,544
b7514d7b: folds
Uncalled bet (1,544) returned to 99a9e79c
*** SHOWDOWN ***
99a9e79c collected 3,088 from pot
*** SUMMARY ***
Total pot 3,088 | Rake 0 | Jackpot 0 | Bingo 0 | Fortune 0 | Tax 0
Board [8c 4s 2d Ks]
Seat 1: 8745fd65 folded before Flop
Seat 2: 99a9e79c won (3,088)
Seat 3: 3b74e6b2 folded before Flop
Seat 4: e10beafd (button) folded before Flop
Seat 5: b7514d7b (small blind) folded on the Turn
Seat 6: fedd5141 (big blind) folded before Flop
Seat 7: Hero folded before Flop
Seat 8: 3d25cbf8 folded before Flop


Poker Hand #TM3596124142: Tournament #158872056, Bounty Hunters Special $1.08 Hold'em No Limit - Level6(150/300) - 2024/08/19 10:30:01
Table '121' 8-max Seat #3 is the button
Seat 1: 8745fd65 (17,772 in chips)
Seat 3: 3b74e6b2 (37,317 in chips)
Seat 4: e10beafd (41,613 in chips)
Seat 5: b7514d7b (63,081 in chips)
Seat 6: fedd5141 (44,426 in chips)
Seat 7: Hero (9,826 in chips)
Seat 8: 3d25cbf8 (16,038 in chips)
fedd5141: posts the ante 45
b7514d7b: posts the ante 45
e10beafd: posts the ante 45
8745fd65: posts the ante 45
3b74e6b2: posts the ante 45
3d25cbf8: posts the ante 45
Hero: posts the ante 45
e10beafd: posts small blind 150
b7514d7b: posts big blind 300
*** HOLE CARDS ***
Dealt to 8745fd65 
Dealt to 3b74e6b2 
Dealt to e10beafd 
Dealt to b7514d7b 
Dealt to fedd5141 
Dealt to Hero [3d Qc]
Dealt to 3d25cbf8 
fedd5141: folds
Hero: folds
3d25cbf8: folds
8745fd65: folds
3b74e6b2: folds
e10beafd: raises 915 to 1,215
b7514d7b: folds
Uncalled bet (915) returned to e10beafd
*** SHOWDOWN ***
e10beafd collected 915 from pot
*** SUMMARY ***
Total pot 915 | Rake 0 | Jackpot 0 | Bingo 0 | Fortune 0 | Tax 0
Seat 1: 8745fd65 folded before Flop
Seat 3: 3b74e6b2 (button) folded before Flop
Seat 4: e10beafd (small blind) collected (915)
Seat 5: b7514d7b (big blind) folded before Flop
Seat 6: fedd5141 folded before Flop
Seat 7: Hero folded before Flop
Seat 8: 3d25cbf8 folded before Flop


Poker Hand #TM3596124131: Tournament #158872056, Bounty Hunters Special $1.08 Hold'em No Limit - Level6(150/300) - 2024/08/19 10:28:34
Table '121' 8-max Seat #2 is the button
Seat 1: 8745fd65 (17,817 in chips)
Seat 2: e578152b (8,560 in chips)
Seat 3: 3b74e6b2 (14,116 in chips)
Seat 4: e10beafd (41,958 in chips)
Seat 5: b7514d7b (63,126 in chips)
Seat 6: fedd5141 (58,542 in chips)
Seat 7: Hero (9,871 in chips)
Seat 8: 3d25cbf8 (16,083 in chips)
fedd5141: posts the ante 45
b7514d7b: posts the ante 45
e10beafd: posts the ante 45
8745fd65: posts the ante 45
3b74e6b2: posts the ante 45
3d25cbf8: posts the ante 45
Hero: posts the ante 45
e578152b: posts the ante 45
3b74e6b2: posts small blind 150
e10beafd: posts big blind 300
*** HOLE CARDS ***
Dealt to 8745fd65 
Dealt to e578152b 
Dealt to 3b74e6b2 
Dealt to e10beafd 
Dealt to b7514d7b 
Dealt to fedd5141 
Dealt to Hero [9d 3c]
Dealt to 3d25cbf8 
b7514d7b: folds
fedd5141: raises 360 to 660
Hero: folds
3d25cbf8: folds
8745fd65: folds
e578152b: calls 660
3b74e6b2: calls 510
e10beafd: folds
*** FLOP *** [3d 8d Th]
3b74e6b2: checks
fedd5141: bets 1,320
e578152b: calls 1,320
3b74e6b2: calls 1,320
*** TURN *** [3d 8d Th] [Qc]
3b74e6b2: checks
fedd5141: bets 3,300
e578152b: calls 3,300
3b74e6b2: calls 3,300
*** RIVER *** [3d 8d Th Qc] [4d]
3b74e6b2: bets 8,250
fedd5141: raises 10,890 to 19,140
e578152b: calls 3,235 and is all-in
3b74e6b2: calls 541 and is all-in
Uncalled bet (10,349) returned to fedd5141
fedd5141: shows [4h Qh] (Pair of Queens and Pair of Fours)
e578152b: shows [Ts Kd] (Pair of Tens)
3b74e6b2: shows [Td Ad] (Ace High Flush)
*** SHOWDOWN ***
3b74e6b2 collected 26,205 from pot
3b74e6b2 collected 11,112 from pot
*** SUMMARY ***
Total pot 37,317 | Rake 0 | Jackpot 0 | Bingo 0 | Fortune 0 | Tax 0
Board [3d 8d Th Qc 4d]
Seat 1: 8745fd65 folded before Flop
Seat 2: e578152b (button) showed [Ts Kd] and lost with Pair of Tens
Seat 3: 3b74e6b2 (small blind) showed [Td Ad] and won (37,317) with Ace High Flush
Seat 4: e10beafd (big blind) folded before Flop
Seat 5: b7514d7b folded before Flop
Seat 6: fedd5141 showed [4h Qh] and lost with Pair of Queens and Pair of Fours
Seat 7: Hero folded before Flop
Seat 8: 3d25cbf8 folded before Flop


Poker Hand #TM3596124118: Tournament #158872056, Bounty Hunters Special $1.08 Hold'em No Limit - Level6(150/300) - 2024/08/19 10:27:06
Table '121' 8-max Seat #1 is the button
Seat 1: 8745fd65 (17,862 in chips)
Seat 2: e578152b (8,755 in chips)
Seat 3: 3b74e6b2 (14,461 in chips)
Seat 4: e10beafd (42,003 in chips)
Seat 5: b7514d7b (63,171 in chips)
Seat 6: fedd5141 (59,851 in chips)
Seat 7: Hero (9,916 in chips)
Seat 8: 3d25cbf8 (14,054 in chips)
fedd5141: posts the ante 45
b7514d7b: posts the ante 45
e10beafd: posts the ante 45
8745fd65: posts the ante 45
3b74e6b2: posts the ante 45
3d25cbf8: posts the ante 45
Hero: posts the ante 45
e578152b: posts the ante 45
e578152b: posts small blind 150
3b74e6b2: posts big blind 300
*** HOLE CARDS ***
Dealt to 8745fd65 
Dealt to e578152b 
Dealt to 3b74e6b2 
Dealt to e10beafd 
Dealt to b7514d7b 
Dealt to fedd5141 
Dealt to Hero [2s 6s]
Dealt to 3d25cbf8 
e10beafd: folds
b7514d7b: folds
fedd5141: raises 300 to 600
Hero: folds
3d25cbf8: raises 664 to 1,264
8745fd65: folds
e578152b: folds
3b74e6b2: folds
fedd5141: calls 664
*** FLOP *** [9c Ts 2h]
fedd5141: checks
3d25cbf8: checks
*** TURN *** [9c Ts 2h] [Th]
fedd5141: checks
3d25cbf8: checks
*** RIVER *** [9c Ts 2h Th] [2d]
fedd5141: checks
3d25cbf8: checks
fedd5141: shows [3c Qc] (Pair of Tens and Pair of Twos)
3d25cbf8: shows [4s Ah] (Pair of Tens and Pair of Twos)
*** SHOWDOWN ***
3d25cbf8 collected 3,338 from pot
*** SUMMARY ***
Total pot 3,338 | Rake 0 | Jackpot 0 | Bingo 0 | Fortune 0 | Tax 0
Board [9c Ts 2h Th 2d]
Seat 1: 8745fd65 (button) folded before Flop
Seat 2: e578152b (small blind) folded before Flop
Seat 3: 3b74e6b2 (big blind) folded before Flop
Seat 4: e10beafd folded before Flop
Seat 5: b7514d7b folded before Flop
Seat 6: fedd5141 showed [3c Qc] and lost with Pair of Tens and Pair of Twos
Seat 7: Hero folded before Flop
Seat 8: 3d25cbf8 showed [4s Ah] and won (3,338) with Pair of Tens and Pair of Twos


Poker Hand #TM3596124112: Tournament #158872056, Bounty Hunters Special $1.08 Hold'em No Limit - Level6(150/300) - 2024/08/19 10:26:32
Table '121' 8-max Seat #8 is the button
Seat 1: 8745fd65 (18,057 in chips)
Seat 2: e578152b (10,000 in chips)
Seat 3: 3b74e6b2 (14,506 in chips)
Seat 4: e10beafd (40,338 in chips)
Seat 5: b7514d7b (63,216 in chips)
Seat 6: fedd5141 (59,896 in chips)
Seat 7: Hero (9,961 in chips)
Seat 8: 3d25cbf8 (14,099 in chips)
fedd5141: posts the ante 45
b7514d7b: posts the ante 45
e10beafd: posts the ante 45
8745fd65: posts the ante 45
3b74e6b2: posts the ante 45
3d25cbf8: posts the ante 45
Hero: posts the ante 45
e578152b: posts the ante 45
8745fd65: posts small blind 150
e578152b: posts big blind 300
*** HOLE CARDS ***
Dealt to 8745fd65 
Dealt to e578152b 
Dealt to 3b74e6b2 
Dealt to e10beafd 
Dealt to b7514d7b 
Dealt to fedd5141 
Dealt to Hero [Qc 7h]
Dealt to 3d25cbf8 
3b74e6b2: folds
e10beafd: raises 900 to 1,200
b7514d7b: folds
fedd5141: folds
Hero: folds
3d25cbf8: folds
8745fd65: folds
e578152b: calls 900
*** FLOP *** [Qd Td 9d]
e578152b: checks
e10beafd: bets 39,093 and is all-in
e578152b: folds
Uncalled bet (39,093) returned to e10beafd
*** SHOWDOWN ***
e10beafd collected 2,910 from pot
*** SUMMARY ***
Total pot 2,910 | Rake 0 | Jackpot 0 | Bingo 0 | Fortune 0 | Tax 0
Board [Qd Td 9d]
Seat 1: 8745fd65 (small blind) folded before Flop
Seat 2: e578152b (big blind) folded on the Flop
Seat 3: 3b74e6b2 folded before Flop
Seat 4: e10beafd won (2,910)
Seat 5: b7514d7b folded before Flop
Seat 6: fedd5141 folded before Flop
Seat 7: Hero folded before Flop
Seat 8: 3d25cbf8 (button) folded before Flop


Poker Hand #TM3596124099: Tournament #158872056, Bounty Hunters Special $1.08 Hold'em No Limit - Level5(125/250) - 2024/08/19 10:24:54
Table '121' 8-max Seat #7 is the button
Seat 1: 8745fd65 (18,592 in chips)
Seat 3: 3b74e6b2 (14,541 in chips)
Seat 4: e10beafd (40,373 in chips)
Seat 5: b7514d7b (62,816 in chips)
Seat 6: fedd5141 (59,496 in chips)
Seat 7: Hero (9,996 in chips)
Seat 8: 3d25cbf8 (14,259 in chips)
fedd5141: posts the ante 35
b7514d7b: posts the ante 35
e10beafd: posts the ante 35
8745fd65: posts the ante 35
3b74e6b2: posts the ante 35
3d25cbf8: posts the ante 35
Hero: posts the ante 35
3d25cbf8: posts small blind 125
8745fd65: posts big blind 250
*** HOLE CARDS ***
Dealt to 8745fd65 
Dealt to 3b74e6b2 
Dealt to e10beafd 
Dealt to b7514d7b 
Dealt to fedd5141 
Dealt to Hero [6c Jc]
Dealt to 3d25cbf8 
3b74e6b2: folds
e10beafd: folds
b7514d7b: raises 250 to 500
fedd5141: calls 500
Hero: folds
3d25cbf8: folds
8745fd65: calls 250
*** FLOP *** [Jd 4h 2c]
8745fd65: checks
b7514d7b: checks
fedd5141: checks
*** TURN *** [Jd 4h 2c] [Js]
8745fd65: checks
b7514d7b: bets 618
fedd5141: calls 618
8745fd65: folds
*** RIVER *** [Jd 4h 2c Js] [4d]
b7514d7b: bets 1,553
fedd5141: calls 1,553
b7514d7b: shows [5c Ad] (Pair of Jacks and Pair of Fours)
fedd5141: shows [Ah 9s] (Pair of Jacks and Pair of Fours)
Hero: shows [Jc] (Jacks Full over Fours)
*** SHOWDOWN ***
fedd5141 collected 3,106 from pot
b7514d7b collected 3,106 from pot
*** SUMMARY ***
Total pot 6,212 | Rake 0 | Jackpot 0 | Bingo 0 | Fortune 0 | Tax 0
Board [Jd 4h 2c Js 4d]
Seat 1: 8745fd65 (big blind) folded on the Turn
Seat 3: 3b74e6b2 folded before Flop
Seat 4: e10beafd folded before Flop
Seat 5: b7514d7b showed [5c Ad] and won (3,106) with Pair of Jacks and Pair of Fours
Seat 6: fedd5141 showed [Ah 9s] and won (3,106) with Pair of Jacks and Pair of Fours
Seat 7: Hero (button) folded before Flop
Seat 8: 3d25cbf8 (small blind) folded before Flop


Poker Hand #TM3596124093: Tournament #158872056, Bounty Hunters Special $1.08 Hold'em No Limit - Level5(125/250) - 2024/08/19 10:24:28
Table '121' 8-max Seat #6 is the button
Seat 1: 8745fd65 (18,627 in chips)
Seat 2: 792870bf (15,579 in chips)
Seat 3: 3b74e6b2 (14,576 in chips)
Seat 4: e10beafd (40,408 in chips)
Seat 5: b7514d7b (62,851 in chips)
Seat 6: fedd5141 (59,531 in chips)
Seat 7: Hero (10,156 in chips)
Seat 8: 3d25cbf8 (13,889 in chips)
792870bf: posts the ante 35
fedd5141: posts the ante 35
b7514d7b: posts the ante 35
e10beafd: posts the ante 35
8745fd65: posts the ante 35
3b74e6b2: posts the ante 35
3d25cbf8: posts the ante 35
Hero: posts the ante 35
Hero: posts small blind 125
3d25cbf8: posts big blind 250
*** HOLE CARDS ***
Dealt to 8745fd65 
Dealt to 792870bf 
Dealt to 3b74e6b2 
Dealt to e10beafd 
Dealt to b7514d7b 
Dealt to fedd5141 
Dealt to Hero [7d Ks]
Dealt to 3d25cbf8 
8745fd65: folds
792870bf: folds
3b74e6b2: folds
e10beafd: folds
b7514d7b: folds
fedd5141: folds
Hero: folds
Uncalled bet (125) returned to 3d25cbf8
*** SHOWDOWN ***
3d25cbf8 collected 530 from pot
*** SUMMARY ***
Total pot 530 | Rake 0 | Jackpot 0 | Bingo 0 | Fortune 0 | Tax 0
Seat 1: 8745fd65 folded before Flop
Seat 2: 792870bf folded before Flop
Seat 3: 3b74e6b2 folded before Flop
Seat 4: e10beafd folded before Flop
Seat 5: b7514d7b folded before Flop
Seat 6: fedd5141 (button) folded before Flop
Seat 7: Hero (small blind) folded before Flop
Seat 8: 3d25cbf8 (big blind) collected (530)


Poker Hand #TM3596124085: Tournament #158872056, Bounty Hunters Special $1.08 Hold'em No Limit - Level5(125/250) - 2024/08/19 10:23:18
Table '121' 8-max Seat #5 is the button
Seat 1: 8745fd65 (18,662 in chips)
Seat 2: 792870bf (15,614 in chips)
Seat 3: 3b74e6b2 (14,611 in chips)
Seat 4: e10beafd (40,443 in chips)
Seat 5: b7514d7b (60,640 in chips)
Seat 6: fedd5141 (59,691 in chips)
Seat 7: Hero (10,441 in chips)
Seat 8: 3d25cbf8 (15,515 in chips)
792870bf: posts the ante 35
fedd5141: posts the ante 35
b7514d7b: posts the ante 35
e10beafd: posts the ante 35
8745fd65: posts the ante 35
3b74e6b2: posts the ante 35
3d25cbf8: posts the ante 35
Hero: posts the ante 35
fedd5141: posts small blind 125
Hero: posts big blind 250
*** HOLE CARDS ***
Dealt to 8745fd65 
Dealt to 792870bf 
Dealt to 3b74e6b2 
Dealt to e10beafd 
Dealt to b7514d7b 
Dealt to fedd5141 
Dealt to Hero [8s Ac]
Dealt to 3d25cbf8 
3d25cbf8: calls 250
8745fd65: folds
792870bf: folds
3b74e6b2: folds
e10beafd: folds
b7514d7b: raises 578 to 828
fedd5141: folds
Hero: folds
3d25cbf8: raises 763 to 1,591
b7514d7b: calls 763
*** FLOP *** [5d 7s 3c]
3d25cbf8: checks
b7514d7b: bets 2,533
3d25cbf8: folds
Uncalled bet (2,533) returned to b7514d7b
*** SHOWDOWN ***
b7514d7b collected 3,837 from pot
*** SUMMARY ***
Total pot 3,837 | Rake 0 | Jackpot 0 | Bingo 0 | Fortune 0 | Tax 0
Board [5d 7s 3c]
Seat 1: 8745fd65 folded before Flop
Seat 2: 792870bf folded before Flop
Seat 3: 3b74e6b2 folded before Flop
Seat 4: e10beafd folded before Flop
Seat 5: b7514d7b (button) won (3,837)
Seat 6: fedd5141 (small blind) folded before Flop
Seat 7: Hero (big blind) folded before Flop
Seat 8: 3d25cbf8 folded on the Flop


Poker Hand #TM3596124072: Tournament #158872056, Bounty Hunters Special $1.08 Hold'em No Limit - Level5(125/250) - 2024/08/19 10:21:40
Table '121' 8-max Seat #3 is the button
Seat 3: 3b74e6b2 (9,450 in chips)
Seat 5: b7514d7b (60,925 in chips)
Seat 6: fedd5141 (59,976 in chips)
Seat 7: Hero (10,476 in chips)
Seat 8: 3d25cbf8 (20,071 in chips)
fedd5141: posts the ante 35
b7514d7b: posts the ante 35
3b74e6b2: posts the ante 35
3d25cbf8: posts the ante 35
Hero: posts the ante 35
b7514d7b: posts small blind 125
fedd5141: posts big blind 250
*** HOLE CARDS ***
Dealt to 3b74e6b2 
Dealt to b7514d7b 
Dealt to fedd5141 
Dealt to Hero [5c 2h]
Dealt to 3d25cbf8 
Hero: folds
3d25cbf8: calls 250
3b74e6b2: calls 250
b7514d7b: calls 125
fedd5141: checks
*** FLOP *** [Ah 6d Th]
b7514d7b: checks
fedd5141: checks
3d25cbf8: bets 388
3b74e6b2: raises 1,951 to 2,339
b7514d7b: folds
fedd5141: folds
3d25cbf8: calls 1,951
*** TURN *** [Ah 6d Th] [8s]
3d25cbf8: checks
3b74e6b2: checks
*** RIVER *** [Ah 6d Th 8s] [Jh]
3d25cbf8: bets 1,932
3b74e6b2: calls 1,932
3d25cbf8: shows [Jc Kh] (Pair of Jacks)
3b74e6b2: shows [4c Ac] (Pair of Aces)
*** SHOWDOWN ***
3b74e6b2 collected 9,717 from pot
*** SUMMARY ***
Total pot 9,717 | Rake 0 | Jackpot 0 | Bingo 0 | Fortune 0 | Tax 0
Board [Ah 6d Th 8s Jh]
Seat 3: 3b74e6b2 (button) showed [4c Ac] and won (9,717) with Pair of Aces
Seat 5: b7514d7b (small blind) folded on the Flop
Seat 6: fedd5141 (big blind) folded on the Flop
Seat 7: Hero folded before Flop
Seat 8: 3d25cbf8 showed [Jc Kh] and lost with Pair of Jacks


Poker Hand #TM3596232880: Tournament #158872056, Bounty Hunters Special $1.08 Hold'em No Limit - Level5(125/250) - 2024/08/19 10:20:20
Table '21' 8-max Seat #2 is the button
Seat 1: 893b91ec (23,569 in chips)
Seat 2: b19cc786 (37,560 in chips)
Seat 3: 2820183a (9,470 in chips)
Seat 4: 260a0a8e (30,575 in chips)
Seat 5: 6939d227 (13,005 in chips)
Seat 6: Hero (10,511 in chips)
Seat 7: 59345970 (6,556 in chips)
Seat 8: 3525eb9c (7,246 in chips)
59345970: posts the ante 35
6939d227: posts the ante 35
893b91ec: posts the ante 35
b19cc786: posts the ante 35
3525eb9c: posts the ante 35
2820183a: posts the ante 35
Hero: posts the ante 35
260a0a8e: posts the ante 35
2820183a: posts small blind 125
260a0a8e: posts big blind 250
*** HOLE CARDS ***
Dealt to 893b91ec 
Dealt to b19cc786 
Dealt to 2820183a 
Dealt to 260a0a8e 
Dealt to 6939d227 
Dealt to Hero [7s Ac]
Dealt to 59345970 
Dealt to 3525eb9c 
6939d227: raises 250 to 500
Hero: folds
59345970: folds
3525eb9c: folds
893b91ec: calls 500
b19cc786: calls 500
2820183a: calls 375
260a0a8e: folds
*** FLOP *** [Qd Jc 5s]
2820183a: checks
6939d227: bets 835
893b91ec: folds
b19cc786: calls 835
2820183a: folds
*** TURN *** [Qd Jc 5s] [6c]
6939d227: checks
b19cc786: checks
*** RIVER *** [Qd Jc 5s 6c] [Ts]
6939d227: bets 4,200
b19cc786: calls 4,200
6939d227: shows [Jh Th] (Pair of Jacks and Pair of Tens)
b19cc786: shows [Td 8c] (Pair of Tens)
*** SHOWDOWN ***
6939d227 collected 12,600 from pot
*** SUMMARY ***
Total pot 12,600 | Rake 0 | Jackpot 0 | Bingo 0 | Fortune 0 | Tax 0
Board [Qd Jc 5s 6c Ts]
Seat 1: 893b91ec folded on the Flop
Seat 2: b19cc786 (button) showed [Td 8c] and lost with Pair of Tens
Seat 3: 2820183a (small blind) folded on the Flop
Seat 4: 260a0a8e (big blind) folded before Flop
Seat 5: 6939d227 showed [Jh Th] and won (12,600) with Pair of Jacks and Pair of Tens
Seat 6: Hero folded before Flop
Seat 7: 59345970 folded before Flop
Seat 8: 3525eb9c folded before Flop


Poker Hand #TM3596232867: Tournament #158872056, Bounty Hunters Special $1.08 Hold'em No Limit - Level5(125/250) - 2024/08/19 10:19:11
Table '21' 8-max Seat #1 is the button
Seat 1: 893b91ec (23,604 in chips)
Seat 2: b19cc786 (38,345 in chips)
Seat 3: 2820183a (10,255 in chips)
Seat 4: 260a0a8e (30,860 in chips)
Seat 5: 6939d227 (9,510 in chips)
Seat 6: Hero (11,296 in chips)
Seat 7: 59345970 (6,591 in chips)
Seat 8: 3525eb9c (8,031 in chips)
59345970: posts the ante 35
6939d227: posts the ante 35
893b91ec: posts the ante 35
b19cc786: posts the ante 35
3525eb9c: posts the ante 35
2820183a: posts the ante 35
Hero: posts the ante 35
260a0a8e: posts the ante 35
b19cc786: posts small blind 125
2820183a: posts big blind 250
*** HOLE CARDS ***
Dealt to 893b91ec 
Dealt to b19cc786 
Dealt to 2820183a 
Dealt to 260a0a8e 
Dealt to 6939d227 
Dealt to Hero [3s 3c]
Dealt to 59345970 
Dealt to 3525eb9c 
260a0a8e: calls 250
6939d227: raises 500 to 750
Hero: calls 750
59345970: folds
3525eb9c: calls 750
893b91ec: folds
b19cc786: calls 625
2820183a: calls 500
260a0a8e: folds
*** FLOP *** [As Ad 9c]
b19cc786: checks
2820183a: checks
6939d227: bets 1,413
Hero: folds
3525eb9c: folds
b19cc786: folds
2820183a: folds
Uncalled bet (1,413) returned to 6939d227
*** SHOWDOWN ***
6939d227 collected 4,280 from pot
*** SUMMARY ***
Total pot 4,280 | Rake 0 | Jackpot 0 | Bingo 0 | Fortune 0 | Tax 0
Board [As Ad 9c]
Seat 1: 893b91ec (button) folded before Flop
Seat 2: b19cc786 (small blind) folded on the Flop
Seat 3: 2820183a (big blind) folded on the Flop
Seat 4: 260a0a8e folded before Flop
Seat 5: 6939d227 won (4,280)
Seat 6: Hero folded on the Flop
Seat 7: 59345970 folded before Flop
Seat 8: 3525eb9c folded on the Flop


Poker Hand #TM3596232849: Tournament #158872056, Bounty Hunters Special $1.08 Hold'em No Limit - Level5(125/250) - 2024/08/19 10:17:41
Table '21' 8-max Seat #8 is the button
Seat 1: 893b91ec (23,889 in chips)
Seat 2: b19cc786 (41,535 in chips)
Seat 3: 2820183a (10,290 in chips)
Seat 4: 260a0a8e (27,210 in chips)
Seat 5: 6939d227 (9,545 in chips)
Seat 6: Hero (11,331 in chips)
Seat 7: 59345970 (6,626 in chips)
Seat 8: 3525eb9c (8,066 in chips)
59345970: posts the ante 35
6939d227: posts the ante 35
893b91ec: posts the ante 35
b19cc786: posts the ante 35
3525eb9c: posts the ante 35
2820183a: posts the ante 35
Hero: posts the ante 35
260a0a8e: posts the ante 35
893b91ec: posts small blind 125
b19cc786: posts big blind 250
*** HOLE CARDS ***
Dealt to 893b91ec 
Dealt to b19cc786 
Dealt to 2820183a 
Dealt to 260a0a8e 
Dealt to 6939d227 
Dealt to Hero [3s 5h]
Dealt to 59345970 
Dealt to 3525eb9c 
2820183a: folds
260a0a8e: calls 250
6939d227: folds
Hero: folds
59345970: folds
3525eb9c: folds
893b91ec: calls 125
b19cc786: checks
*** FLOP *** [Ks Qc 3d]
893b91ec: checks
b19cc786: checks
260a0a8e: bets 340
893b91ec: folds
b19cc786: calls 340
*** TURN *** [Ks Qc 3d] [6d]
b19cc786: checks
260a0a8e: bets 855
b19cc786: calls 855
*** RIVER *** [Ks Qc 3d 6d] [Kh]
b19cc786: checks
260a0a8e: bets 1,710
b19cc786: calls 1,710
260a0a8e: shows [Kd As] (Three Kings)
b19cc786: shows [3c 7h] (Pair of Kings and Pair of Treys)
*** SHOWDOWN ***
260a0a8e collected 6,840 from pot
*** SUMMARY ***
Total pot 6,840 | Rake 0 | Jackpot 0 | Bingo 0 | Fortune 0 | Tax 0
Board [Ks Qc 3d 6d Kh]
Seat 1: 893b91ec (small blind) folded on the Flop
Seat 2: b19cc786 (big blind) showed [3c 7h] and lost with Pair of Kings and Pair of Treys
Seat 3: 2820183a folded before Flop
Seat 4: 260a0a8e showed [Kd As] and won (6,840) with Three Kings
Seat 5: 6939d227 folded before Flop
Seat 6: Hero folded before Flop
Seat 7: 59345970 folded before Flop
Seat 8: 3525eb9c (button) folded before Flop


Poker Hand #TM3596232835: Tournament #158872056, Bounty Hunters Special $1.08 Hold'em No Limit - Level5(125/250) - 2024/08/19 10:16:33
Table '21' 8-max Seat #6 is the button
Seat 1: 893b91ec (24,734 in chips)
Seat 2: b19cc786 (54,585 in chips)
Seat 3: 2820183a (10,325 in chips)
Seat 4: 260a0a8e (13,050 in chips)
Seat 5: 6939d227 (9,580 in chips)
Seat 6: Hero (11,366 in chips)
Seat 8: 3525eb9c (8,226 in chips)
6939d227: posts the ante 35
893b91ec: posts the ante 35
b19cc786: posts the ante 35
2820183a: posts the ante 35
3525eb9c: posts the ante 35
Hero: posts the ante 35
260a0a8e: posts the ante 35
3525eb9c: posts small blind 125
893b91ec: posts big blind 250
*** HOLE CARDS ***
Dealt to 893b91ec 
Dealt to b19cc786 
Dealt to 2820183a 
Dealt to 260a0a8e 
Dealt to 6939d227 
Dealt to Hero [As 4h]
Dealt to 3525eb9c 
b19cc786: calls 250
2820183a: folds
260a0a8e: raises 560 to 810
6939d227: folds
Hero: folds
3525eb9c: folds
893b91ec: calls 560
b19cc786: calls 560
*** FLOP *** [8d 8h Jc]
893b91ec: checks
b19cc786: bets 924
260a0a8e: raises 3,486 to 4,410
893b91ec: folds
b19cc786: calls 3,486
*** TURN *** [8d 8h Jc] [3c]
b19cc786: bets 3,835
260a0a8e: raises 3,960 to 7,795 and is all-in
b19cc786: calls 3,960
260a0a8e: shows [Qh Qc] (Pair of Queens and Pair of Eights)
b19cc786: shows [2d Js] (Pair of Jacks and Pair of Eights)
*** RIVER *** [8d 8h Jc 3c] [3d]
893b91ec: shows [Jd] (Pair of Jacks and Pair of Eights)
*** SHOWDOWN ***
260a0a8e collected 27,210 from pot
*** SUMMARY ***
Total pot 27,210 | Rake 0 | Jackpot 0 | Bingo 0 | Fortune 0 | Tax 0
Board [8d 8h Jc 3c 3d]
Seat 1: 893b91ec (big blind) folded on the Flop
Seat 2: b19cc786 showed [2d Js] and lost with Pair of Jacks and Pair of Eights
Seat 3: 2820183a folded before Flop
Seat 4: 260a0a8e showed [Qh Qc] and won (27,210) with Pair of Queens and Pair of Eights
Seat 5: 6939d227 folded before Flop
Seat 6: Hero (button) folded before Flop
Seat 8: 3525eb9c (small blind) folded before Flop


Poker Hand #TM3596232818: Tournament #158872056, Bounty Hunters Special $1.08 Hold'em No Limit - Level4(100/200) - 2024/08/19 10:15:17
Table '21' 8-max Seat #5 is the button
Seat 1: 893b91ec (26,044 in chips)
Seat 2: b19cc786 (54,615 in chips)
Seat 3: 2820183a (9,460 in chips)
Seat 4: 260a0a8e (12,185 in chips)
Seat 5: 6939d227 (9,610 in chips)
Seat 6: Hero (11,496 in chips)
Seat 8: 3525eb9c (8,456 in chips)
6939d227: posts the ante 30
893b91ec: posts the ante 30
b19cc786: posts the ante 30
2820183a: posts the ante 30
3525eb9c: posts the ante 30
260a0a8e: posts the ante 30
Hero: posts the ante 30
Hero: posts small blind 100
3525eb9c: posts big blind 200
*** HOLE CARDS ***
Dealt to 893b91ec 
Dealt to b19cc786 
Dealt to 2820183a 
Dealt to 260a0a8e 
Dealt to 6939d227 
Dealt to Hero [9h 5h]
Dealt to 3525eb9c 
893b91ec: raises 240 to 440
b19cc786: folds
2820183a: raises 840 to 1,280
260a0a8e: calls 1,280
6939d227: folds
Hero: folds
3525eb9c: folds
893b91ec: calls 840
*** FLOP *** [8h 9c Kd]
893b91ec: checks
2820183a: bets 1,436
260a0a8e: raises 3,611 to 5,047
893b91ec: folds
2820183a: raises 3,103 to 8,150 and is all-in
260a0a8e: calls 3,103
2820183a: shows [Ks Ac] (Pair of Kings)
260a0a8e: shows [Ah Kh] (Pair of Kings)
*** TURN *** [8h 9c Kd] [6c]
*** RIVER *** [8h 9c Kd 6c] [Tc]
*** SHOWDOWN ***
260a0a8e collected 10,325 from pot
2820183a collected 10,325 from pot
*** SUMMARY ***
Total pot 20,650 | Rake 0 | Jackpot 0 | Bingo 0 | Fortune 0 | Tax 0
Board [8h 9c Kd 6c Tc]
Seat 1: 893b91ec folded on the Flop
Seat 2: b19cc786 folded before Flop
Seat 3: 2820183a showed [Ks Ac] and won (10,325) with Pair of Kings
Seat 4: 260a0a8e showed [Ah Kh] and won (10,325) with Pair of Kings
Seat 5: 6939d227 (button) folded before Flop
Seat 6: Hero (small blind) folded before Flop
Seat 8: 3525eb9c (big blind) folded before Flop


Poker Hand #TM3596232801: Tournament #158872056, Bounty Hunters Special $1.08 Hold'em No Limit - Level4(100/200) - 2024/08/19 10:13:56
Table '21' 8-max Seat #4 is the button
Seat 1: 893b91ec (19,084 in chips)
Seat 2: b19cc786 (56,670 in chips)
Seat 3: 2820183a (9,490 in chips)
Seat 4: 260a0a8e (12,215 in chips)
Seat 5: 6939d227 (9,740 in chips)
Seat 6: Hero (15,788 in chips)
Seat 7: 55966401 (393 in chips)
Seat 8: 3525eb9c (8,486 in chips)
6939d227: posts the ante 30
893b91ec: posts the ante 30
55966401: posts the ante 30
b19cc786: posts the ante 30
2820183a: posts the ante 30
3525eb9c: posts the ante 30
260a0a8e: posts the ante 30
Hero: posts the ante 30
6939d227: posts small blind 100
Hero: posts big blind 200
*** HOLE CARDS ***
Dealt to 893b91ec 
Dealt to b19cc786 
Dealt to 2820183a 
Dealt to 260a0a8e 
Dealt to 6939d227 
Dealt to Hero [8s 4d]
Dealt to 55966401 
Dealt to 3525eb9c 
55966401: raises 163 to 363 and is all-in
3525eb9c: folds
893b91ec: calls 363
b19cc786: raises 538 to 901
2820183a: folds
260a0a8e: folds
6939d227: folds
Hero: calls 701
893b91ec: calls 538
*** FLOP *** [7d As 4s]
Hero: checks
893b91ec: checks
b19cc786: bets 1,124
Hero: calls 1,124
893b91ec: calls 1,124
*** TURN *** [7d As 4s] [2d]
Hero: checks
893b91ec: checks
b19cc786: checks
*** RIVER *** [7d As 4s 2d] [Kd]
Hero: bets 2,237
893b91ec: calls 2,237
b19cc786: folds
Hero: shows [8s 4d] (Pair of Fours)
55966401: shows [Qs 9c] (Ace-High)
893b91ec: shows [2h Ac] (Pair of Aces and Pair of Twos)
*** SHOWDOWN ***
893b91ec collected 1,792 from pot
893b91ec collected 9,460 from pot
*** SUMMARY ***
Total pot 11,252 | Rake 0 | Jackpot 0 | Bingo 0 | Fortune 0 | Tax 0
Board [7d As 4s 2d Kd]
Seat 1: 893b91ec showed [2h Ac] and won (11,252) with Pair of Aces and Pair of Twos
Seat 2: b19cc786 folded on the River
Seat 3: 2820183a folded before Flop
Seat 4: 260a0a8e (button) folded before Flop
Seat 5: 6939d227 (small blind) folded before Flop
Seat 6: Hero (big blind) showed [8s 4d] and lost with Pair of Fours
Seat 7: 55966401 showed [Qs 9c] and lost with Ace-High
Seat 8: 3525eb9c folded before Flop


Poker Hand #TM3596232788: Tournament #158872056, Bounty Hunters Special $1.08 Hold'em No Limit - Level4(100/200) - 2024/08/19 10:12:58
Table '21' 8-max Seat #3 is the button
Seat 1: 893b91ec (19,114 in chips)
Seat 2: b19cc786 (56,700 in chips)
Seat 3: 2820183a (9,520 in chips)
Seat 4: 260a0a8e (11,327 in chips)
Seat 5: 6939d227 (9,970 in chips)
Seat 6: Hero (16,296 in chips)
Seat 7: 55966401 (423 in chips)
Seat 8: 3525eb9c (8,516 in chips)
6939d227: posts the ante 30
893b91ec: posts the ante 30
55966401: posts the ante 30
b19cc786: posts the ante 30
2820183a: posts the ante 30
3525eb9c: posts the ante 30
Hero: posts the ante 30
260a0a8e: posts the ante 30
260a0a8e: posts small blind 100
6939d227: posts big blind 200
*** HOLE CARDS ***
Dealt to 893b91ec 
Dealt to b19cc786 
Dealt to 2820183a 
Dealt to 260a0a8e 
Dealt to 6939d227 
Dealt to Hero [4d 4c]
Dealt to 55966401 
Dealt to 3525eb9c 
Hero: calls 200
55966401: folds
3525eb9c: folds
893b91ec: folds
b19cc786: folds
2820183a: folds
260a0a8e: calls 100
6939d227: checks
*** FLOP *** [Ac 6c Qs]
260a0a8e: bets 278
6939d227: folds
Hero: calls 278
*** TURN *** [Ac 6c Qs] [8s]
260a0a8e: checks
Hero: checks
*** RIVER *** [Ac 6c Qs 8s] [Ah]
260a0a8e: bets 698
Hero: folds
Uncalled bet (698) returned to 260a0a8e
*** SHOWDOWN ***
260a0a8e collected 1,396 from pot
*** SUMMARY ***
Total pot 1,396 | Rake 0 | Jackpot 0 | Bingo 0 | Fortune 0 | Tax 0
Board [Ac 6c Qs 8s Ah]
Seat 1: 893b91ec folded before Flop
Seat 2: b19cc786 folded before Flop
Seat 3: 2820183a (button) folded before Flop
Seat 4: 260a0a8e (small blind) won (1,396)
Seat 5: 6939d227 (big blind) folded on the Flop
Seat 6: Hero folded on the River
Seat 7: 55966401 folded before Flop
Seat 8: 3525eb9c folded before Flop


Poker Hand #TM3596232771: Tournament #158872056, Bounty Hunters Special $1.08 Hold'em No Limit - Level4(100/200) - 2024/08/19 10:11:41
Table '21' 8-max Seat #2 is the button
Seat 1: 893b91ec (9,117 in chips)
Seat 2: b19cc786 (56,730 in chips)
Seat 3: 2820183a (9,650 in chips)
Seat 4: 260a0a8e (11,557 in chips)
Seat 5: 6939d227 (10,000 in chips)
Seat 6: Hero (16,726 in chips)
Seat 7: 55966401 (9,540 in chips)
Seat 8: 3525eb9c (8,546 in chips)
6939d227: posts the ante 30
893b91ec: posts the ante 30
55966401: posts the ante 30
b19cc786: posts the ante 30
3525eb9c: posts the ante 30
2820183a: posts the ante 30
Hero: posts the ante 30
260a0a8e: posts the ante 30
2820183a: posts small blind 100
260a0a8e: posts big blind 200
*** HOLE CARDS ***
Dealt to 893b91ec 
Dealt to b19cc786 
Dealt to 2820183a 
Dealt to 260a0a8e 
Dealt to 6939d227 
Dealt to Hero [Tc Kh]
Dealt to 55966401 
Dealt to 3525eb9c 
6939d227: folds
Hero: raises 200 to 400
55966401: calls 400
3525eb9c: folds
893b91ec: raises 1,305 to 1,705
b19cc786: folds
2820183a: folds
260a0a8e: folds
Hero: folds
55966401: calls 1,305
*** FLOP *** [5c Ac 8c]
55966401: checks
893b91ec: bets 2,175
55966401: calls 2,175
*** TURN *** [5c Ac 8c] [Qd]
55966401: checks
893b91ec: bets 5,207 and is all-in
55966401: calls 5,207
893b91ec: shows [Ts As] (Pair of Aces)
55966401: shows [Td Jc] (Ace-High)
*** RIVER *** [5c Ac 8c Qd] [2s]
Hero: shows [Tc Kh] (Ace-High)
*** SHOWDOWN ***
893b91ec collected 19,114 from pot
*** SUMMARY ***
Total pot 19,114 | Rake 0 | Jackpot 0 | Bingo 0 | Fortune 0 | Tax 0
Board [5c Ac 8c Qd 2s]
Seat 1: 893b91ec showed [Ts As] and won (19,114) with Pair of Aces
Seat 2: b19cc786 (button) folded before Flop
Seat 3: 2820183a (small blind) folded before Flop
Seat 4: 260a0a8e (big blind) folded before Flop
Seat 5: 6939d227 folded before Flop
Seat 6: Hero folded before Flop
Seat 7: 55966401 showed [Td Jc] and lost with Ace-High
Seat 8: 3525eb9c folded before Flop


Poker Hand #TM3596232760: Tournament #158872056, Bounty Hunters Special $1.08 Hold'em No Limit - Level4(100/200) - 2024/08/19 10:10:54
Table '21' 8-max Seat #1 is the button
Seat 1: 893b91ec (9,147 in chips)
Seat 2: b19cc786 (57,160 in chips)
Seat 3: 2820183a (9,880 in chips)
Seat 4: 260a0a8e (10,777 in chips)
Seat 6: Hero (16,756 in chips)
Seat 7: 55966401 (9,570 in chips)
Seat 8: 3525eb9c (8,576 in chips)
893b91ec: posts the ante 30
55966401: posts the ante 30
b19cc786: posts the ante 30
3525eb9c: posts the ante 30
2820183a: posts the ante 30
Hero: posts the ante 30
260a0a8e: posts the ante 30
b19cc786: posts small blind 100
2820183a: posts big blind 200
*** HOLE CARDS ***
Dealt to 893b91ec 
Dealt to b19cc786 
Dealt to 2820183a 
Dealt to 260a0a8e 
Dealt to Hero [6c Ad]
Dealt to 55966401 
Dealt to 3525eb9c 
260a0a8e: raises 200 to 400
Hero: folds
55966401: folds
3525eb9c: folds
893b91ec: folds
b19cc786: calls 300
2820183a: folds
*** FLOP *** [9h Kd 7h]
b19cc786: checks
260a0a8e: checks
*** TURN *** [9h Kd 7h] [8c]
b19cc786: checks
260a0a8e: checks
*** RIVER *** [9h Kd 7h 8c] [9s]
b19cc786: checks
260a0a8e: checks
b19cc786: shows [6s Jd] (Pair of Nines)
260a0a8e: shows [As Th] (Pair of Nines)
*** SHOWDOWN ***
260a0a8e collected 1,210 from pot
*** SUMMARY ***
Total pot 1,210 | Rake 0 | Jackpot 0 | Bingo 0 | Fortune 0 | Tax 0
Board [9h Kd 7h 8c 9s]
Seat 1: 893b91ec (button) folded before Flop
Seat 2: b19cc786 (small blind) showed [6s Jd] and lost with Pair of Nines
Seat 3: 2820183a (big blind) folded before Flop
Seat 4: 260a0a8e showed [As Th] and won (1,210) with Pair of Nines
Seat 6: Hero folded before Flop
Seat 7: 55966401 folded before Flop
Seat 8: 3525eb9c folded before Flop


Poker Hand #TM3596232754: Tournament #158872056, Bounty Hunters Special $1.08 Hold'em No Limit - Level4(100/200) - 2024/08/19 10:10:20
Table '21' 8-max Seat #8 is the button
Seat 1: 893b91ec (9,277 in chips)
Seat 2: b19cc786 (56,050 in chips)
Seat 3: 2820183a (9,910 in chips)
Seat 4: 260a0a8e (11,207 in chips)
Seat 5: 295eadff (18,546 in chips)
Seat 6: Hero (16,786 in chips)
Seat 7: 55966401 (10,000 in chips)
Seat 8: 3525eb9c (8,606 in chips)
893b91ec: posts the ante 30
55966401: posts the ante 30
295eadff: posts the ante 30
b19cc786: posts the ante 30
3525eb9c: posts the ante 30
2820183a: posts the ante 30
Hero: posts the ante 30
260a0a8e: posts the ante 30
893b91ec: posts small blind 100
b19cc786: posts big blind 200
*** HOLE CARDS ***
Dealt to 893b91ec 
Dealt to b19cc786 
Dealt to 2820183a 
Dealt to 260a0a8e 
Dealt to 295eadff 
Dealt to Hero [7c 5s]
Dealt to 55966401 
Dealt to 3525eb9c 
2820183a: folds
260a0a8e: raises 200 to 400
295eadff: folds
Hero: folds
55966401: calls 400
3525eb9c: folds
893b91ec: folds
b19cc786: calls 200
*** FLOP *** [6d 4s Qc]
b19cc786: bets 509
260a0a8e: folds
55966401: folds
Uncalled bet (509) returned to b19cc786
*** SHOWDOWN ***
b19cc786 collected 1,540 from pot
*** SUMMARY ***
Total pot 1,540 | Rake 0 | Jackpot 0 | Bingo 0 | Fortune 0 | Tax 0
Board [6d 4s Qc]
Seat 1: 893b91ec (small blind) folded before Flop
Seat 2: b19cc786 (big blind) won (1,540)
Seat 3: 2820183a folded before Flop
Seat 4: 260a0a8e folded on the Flop
Seat 5: 295eadff folded before Flop
Seat 6: Hero folded before Flop
Seat 7: 55966401 folded on the Flop
Seat 8: 3525eb9c (button) folded before Flop


Poker Hand #TM3596232741: Tournament #158872056, Bounty Hunters Special $1.08 Hold'em No Limit - Level4(100/200) - 2024/08/19 10:09:04
Table '21' 8-max Seat #6 is the button
Seat 1: 893b91ec (9,707 in chips)
Seat 2: b19cc786 (53,217 in chips)
Seat 3: 2820183a (9,940 in chips)
Seat 4: 260a0a8e (13,390 in chips)
Seat 5: 295eadff (18,576 in chips)
Seat 6: Hero (16,816 in chips)
Seat 8: 3525eb9c (8,736 in chips)
893b91ec: posts the ante 30
295eadff: posts the ante 30
b19cc786: posts the ante 30
2820183a: posts the ante 30
3525eb9c: posts the ante 30
Hero: posts the ante 30
260a0a8e: posts the ante 30
3525eb9c: posts small blind 100
893b91ec: posts big blind 200
*** HOLE CARDS ***
Dealt to 893b91ec 
Dealt to b19cc786 
Dealt to 2820183a 
Dealt to 260a0a8e 
Dealt to 295eadff 
Dealt to Hero [5d 8c]
Dealt to 3525eb9c 
b19cc786: raises 200 to 400
2820183a: folds
260a0a8e: calls 400
295eadff: folds
Hero: folds
3525eb9c: folds
893b91ec: calls 200
*** FLOP *** [2d Ah 6s]
893b91ec: checks
b19cc786: bets 499
260a0a8e: calls 499
893b91ec: folds
*** TURN *** [2d Ah 6s] [3d]
b19cc786: checks
260a0a8e: bets 1,254
b19cc786: raises 1,656 to 2,910
260a0a8e: folds
Uncalled bet (1,656) returned to b19cc786
b19cc786: shows [Ac] (Pair of Aces)
*** SHOWDOWN ***
b19cc786 collected 5,016 from pot
*** SUMMARY ***
Total pot 5,016 | Rake 0 | Jackpot 0 | Bingo 0 | Fortune 0 | Tax 0
Board [2d Ah 6s 3d]
Seat 1: 893b91ec (big blind) folded on the Flop
Seat 2: b19cc786 showed [Ac] and won (5,016)
Seat 3: 2820183a folded before Flop
Seat 4: 260a0a8e folded on the Turn
Seat 5: 295eadff folded before Flop
Seat 6: Hero (button) folded before Flop
Seat 8: 3525eb9c (small blind) folded before Flop


Poker Hand #TM3596232730: Tournament #158872056, Bounty Hunters Special $1.08 Hold'em No Limit - Level4(100/200) - 2024/08/19 10:08:14
Table '21' 8-max Seat #5 is the button
Seat 1: 893b91ec (8,007 in chips)
Seat 2: b19cc786 (53,687 in chips)
Seat 3: 2820183a (9,970 in chips)
Seat 4: 260a0a8e (13,860 in chips)
Seat 5: 295eadff (18,606 in chips)
Seat 6: Hero (17,286 in chips)
Seat 8: 3525eb9c (8,966 in chips)
893b91ec: posts the ante 30
295eadff: posts the ante 30
b19cc786: posts the ante 30
2820183a: posts the ante 30
3525eb9c: posts the ante 30
260a0a8e: posts the ante 30
Hero: posts the ante 30
Hero: posts small blind 100
3525eb9c: posts big blind 200
*** HOLE CARDS ***
Dealt to 893b91ec 
Dealt to b19cc786 
Dealt to 2820183a 
Dealt to 260a0a8e 
Dealt to 295eadff 
Dealt to Hero [5c 9c]
Dealt to 3525eb9c 
893b91ec: raises 240 to 440
b19cc786: calls 440
2820183a: folds
260a0a8e: calls 440
295eadff: folds
Hero: calls 340
3525eb9c: folds
*** FLOP *** [7c 2s Qd]
Hero: checks
893b91ec: bets 1,628
b19cc786: folds
260a0a8e: folds
Hero: folds
Uncalled bet (1,628) returned to 893b91ec
*** SHOWDOWN ***
893b91ec collected 2,170 from pot
*** SUMMARY ***
Total pot 2,170 | Rake 0 | Jackpot 0 | Bingo 0 | Fortune 0 | Tax 0
Board [7c 2s Qd]
Seat 1: 893b91ec won (2,170)
Seat 2: b19cc786 folded on the Flop
Seat 3: 2820183a folded before Flop
Seat 4: 260a0a8e folded on the Flop
Seat 5: 295eadff (button) folded before Flop
Seat 6: Hero (small blind) folded on the Flop
Seat 8: 3525eb9c (big blind) folded before Flop


Poker Hand #TM3596232714: Tournament #158872056, Bounty Hunters Special $1.08 Hold'em No Limit - Level4(100/200) - 2024/08/19 10:07:09
Table '21' 8-max Seat #4 is the button
Seat 1: 893b91ec (8,037 in chips)
Seat 2: b19cc786 (51,223 in chips)
Seat 3: 2820183a (10,000 in chips)
Seat 4: 260a0a8e (13,890 in chips)
Seat 5: 295eadff (18,736 in chips)
Seat 6: Hero (17,716 in chips)
Seat 7: bac9d14f (12,039 in chips)
Seat 8: 3525eb9c (8,996 in chips)
893b91ec: posts the ante 30
295eadff: posts the ante 30
b19cc786: posts the ante 30
bac9d14f: posts the ante 30
2820183a: posts the ante 30
3525eb9c: posts the ante 30
260a0a8e: posts the ante 30
Hero: posts the ante 30
295eadff: posts small blind 100
Hero: posts big blind 200
*** HOLE CARDS ***
Dealt to 893b91ec 
Dealt to b19cc786 
Dealt to 2820183a 
Dealt to 260a0a8e 
Dealt to 295eadff 
Dealt to Hero [2c Qc]
Dealt to bac9d14f 
Dealt to 3525eb9c 
bac9d14f: raises 200 to 400
3525eb9c: folds
893b91ec: folds
b19cc786: calls 400
2820183a: folds
260a0a8e: folds
295eadff: folds
Hero: calls 200
*** FLOP *** [9c Kh Jh]
Hero: checks
bac9d14f: bets 509
b19cc786: raises 845 to 1,354
Hero: folds
bac9d14f: calls 845
*** TURN *** [9c Kh Jh] [5d]
bac9d14f: checks
b19cc786: bets 1,402
bac9d14f: folds
Uncalled bet (1,402) returned to b19cc786
b19cc786: shows [Kc] (Pair of Kings)
*** SHOWDOWN ***
b19cc786 collected 4,248 from pot
*** SUMMARY ***
Total pot 4,248 | Rake 0 | Jackpot 0 | Bingo 0 | Fortune 0 | Tax 0
Board [9c Kh Jh 5d]
Seat 1: 893b91ec folded before Flop
Seat 2: b19cc786 showed [Kc] and won (4,248)
Seat 3: 2820183a folded before Flop
Seat 4: 260a0a8e (button) folded before Flop
Seat 5: 295eadff (small blind) folded before Flop
Seat 6: Hero (big blind) folded on the Flop
Seat 7: bac9d14f folded on the Turn
Seat 8: 3525eb9c folded before Flop


Poker Hand #TM3596232700: Tournament #158872056, Bounty Hunters Special $1.08 Hold'em No Limit - Level4(100/200) - 2024/08/19 10:06:14
Table '21' 8-max Seat #2 is the button
Seat 1: 893b91ec (8,507 in chips)
Seat 2: b19cc786 (52,991 in chips)
Seat 4: 260a0a8e (11,332 in chips)
Seat 5: 295eadff (18,966 in chips)
Seat 6: Hero (17,746 in chips)
Seat 7: bac9d14f (12,069 in chips)
Seat 8: 3525eb9c (9,026 in chips)
893b91ec: posts the ante 30
295eadff: posts the ante 30
b19cc786: posts the ante 30
bac9d14f: posts the ante 30
3525eb9c: posts the ante 30
Hero: posts the ante 30
260a0a8e: posts the ante 30
260a0a8e: posts small blind 100
295eadff: posts big blind 200
*** HOLE CARDS ***
Dealt to 893b91ec 
Dealt to b19cc786 
Dealt to 260a0a8e 
Dealt to 295eadff 
Dealt to Hero [2c 4d]
Dealt to bac9d14f 
Dealt to 3525eb9c 
Hero: folds
bac9d14f: folds
3525eb9c: folds
893b91ec: raises 240 to 440
b19cc786: calls 440
260a0a8e: raises 1,298 to 1,738
295eadff: folds
893b91ec: folds
b19cc786: calls 1,298
*** FLOP *** [Ks 8d Jd]
260a0a8e: bets 3,245
b19cc786: folds
Uncalled bet (3,245) returned to 260a0a8e
*** SHOWDOWN ***
260a0a8e collected 4,326 from pot
*** SUMMARY ***
Total pot 4,326 | Rake 0 | Jackpot 0 | Bingo 0 | Fortune 0 | Tax 0
Board [Ks 8d Jd]
Seat 1: 893b91ec folded before Flop
Seat 2: b19cc786 (button) folded on the Flop
Seat 4: 260a0a8e (small blind) won (4,326)
Seat 5: 295eadff (big blind) folded before Flop
Seat 6: Hero folded before Flop
Seat 7: bac9d14f folded before Flop
Seat 8: 3525eb9c folded before Flop


Poker Hand #TM3596232687: Tournament #158872056, Bounty Hunters Special $1.08 Hold'em No Limit - Level3(80/160) - 2024/08/19 10:05:00
Table '21' 8-max Seat #1 is the button
Seat 1: 893b91ec (7,243 in chips)
Seat 2: b19cc786 (53,815 in chips)
Seat 4: 260a0a8e (11,516 in chips)
Seat 5: 295eadff (18,990 in chips)
Seat 6: Hero (17,930 in chips)
Seat 7: bac9d14f (12,093 in chips)
Seat 8: 3525eb9c (9,050 in chips)
893b91ec: posts the ante 24
295eadff: posts the ante 24
bac9d14f: posts the ante 24
b19cc786: posts the ante 24
3525eb9c: posts the ante 24
Hero: posts the ante 24
260a0a8e: posts the ante 24
b19cc786: posts small blind 80
260a0a8e: posts big blind 160
*** HOLE CARDS ***
Dealt to 893b91ec 
Dealt to b19cc786 
Dealt to 260a0a8e 
Dealt to 295eadff 
Dealt to Hero [6h 5c]
Dealt to bac9d14f 
Dealt to 3525eb9c 
295eadff: folds
Hero: calls 160
bac9d14f: folds
3525eb9c: folds
893b91ec: raises 640 to 800
b19cc786: calls 720
260a0a8e: folds
Hero: folds
*** FLOP *** [Qd 2h Jc]
b19cc786: checks
893b91ec: bets 690
b19cc786: folds
Uncalled bet (690) returned to 893b91ec
*** SHOWDOWN ***
893b91ec collected 2,088 from pot
*** SUMMARY ***
Total pot 2,088 | Rake 0 | Jackpot 0 | Bingo 0 | Fortune 0 | Tax 0
Board [Qd 2h Jc]
Seat 1: 893b91ec (button) won (2,088)
Seat 2: b19cc786 (small blind) folded on the Flop
Seat 4: 260a0a8e (big blind) folded before Flop
Seat 5: 295eadff folded before Flop
Seat 6: Hero folded before Flop
Seat 7: bac9d14f folded before Flop
Seat 8: 3525eb9c folded before Flop


Poker Hand #TM3596232660: Tournament #158872056, Bounty Hunters Special $1.08 Hold'em No Limit - Level3(80/160) - 2024/08/19 10:03:13
Table '21' 8-max Seat #8 is the button
Seat 1: 893b91ec (7,747 in chips)
Seat 2: b19cc786 (40,185 in chips)
Seat 3: 408a8c8a (8,611 in chips)
Seat 4: 260a0a8e (15,455 in chips)
Seat 5: 295eadff (19,014 in chips)
Seat 6: Hero (17,954 in chips)
Seat 7: bac9d14f (12,597 in chips)
Seat 8: 3525eb9c (9,074 in chips)
893b91ec: posts the ante 24
295eadff: posts the ante 24
bac9d14f: posts the ante 24
b19cc786: posts the ante 24
408a8c8a: posts the ante 24
3525eb9c: posts the ante 24
Hero: posts the ante 24
260a0a8e: posts the ante 24
893b91ec: posts small blind 80
b19cc786: posts big blind 160
*** HOLE CARDS ***
Dealt to 893b91ec 
Dealt to b19cc786 
Dealt to 408a8c8a 
Dealt to 260a0a8e 
Dealt to 295eadff 
Dealt to Hero [7h Tc]
Dealt to bac9d14f 
Dealt to 3525eb9c 
408a8c8a: raises 160 to 320
260a0a8e: raises 160 to 480
295eadff: folds
Hero: folds
bac9d14f: calls 480
3525eb9c: folds
893b91ec: calls 400
b19cc786: calls 320
408a8c8a: calls 160
*** FLOP *** [4d 5h 5c]
893b91ec: checks
b19cc786: checks
408a8c8a: checks
260a0a8e: bets 1,296
bac9d14f: folds
893b91ec: folds
b19cc786: calls 1,296
408a8c8a: calls 1,296
*** TURN *** [4d 5h 5c] [Td]
b19cc786: checks
408a8c8a: checks
260a0a8e: bets 2,139
b19cc786: raises 3,551 to 5,690
408a8c8a: raises 1,121 to 6,811 and is all-in
260a0a8e: folds
b19cc786: calls 1,121
408a8c8a: shows [4s 4h] (Fours Full over Fives)
b19cc786: shows [5s Js] (Three Fives)
*** RIVER *** [4d 5h 5c Td] [Jh]
*** SHOWDOWN ***
b19cc786 collected 22,241 from pot
*** SUMMARY ***
Total pot 22,241 | Rake 0 | Jackpot 0 | Bingo 0 | Fortune 0 | Tax 0
Board [4d 5h 5c Td Jh]
Seat 1: 893b91ec (small blind) folded on the Flop
Seat 2: b19cc786 (big blind) showed [5s Js] and won (22,241) with Fives Full over Jacks
Seat 3: 408a8c8a showed [4s 4h] and lost with Fours Full over Fives
Seat 4: 260a0a8e folded on the Turn
Seat 5: 295eadff folded before Flop
Seat 6: Hero folded before Flop
Seat 7: bac9d14f folded on the Flop
Seat 8: 3525eb9c (button) folded before Flop


Poker Hand #TM3596232649: Tournament #158872056, Bounty Hunters Special $1.08 Hold'em No Limit - Level3(80/160) - 2024/08/19 10:02:20
Table '21' 8-max Seat #7 is the button
Seat 1: 893b91ec (7,931 in chips)
Seat 2: b19cc786 (32,888 in chips)
Seat 3: 408a8c8a (8,635 in chips)
Seat 4: 260a0a8e (22,368 in chips)
Seat 5: 295eadff (19,038 in chips)
Seat 6: Hero (17,978 in chips)
Seat 7: bac9d14f (12,621 in chips)
Seat 8: 3525eb9c (9,178 in chips)
893b91ec: posts the ante 24
295eadff: posts the ante 24
bac9d14f: posts the ante 24
b19cc786: posts the ante 24
408a8c8a: posts the ante 24
3525eb9c: posts the ante 24
Hero: posts the ante 24
260a0a8e: posts the ante 24
3525eb9c: posts small blind 80
893b91ec: posts big blind 160
*** HOLE CARDS ***
Dealt to 893b91ec 
Dealt to b19cc786 
Dealt to 408a8c8a 
Dealt to 260a0a8e 
Dealt to 295eadff 
Dealt to Hero [5s 7d]
Dealt to bac9d14f 
Dealt to 3525eb9c 
b19cc786: calls 160
408a8c8a: folds
260a0a8e: raises 480 to 640
295eadff: folds
Hero: folds
bac9d14f: folds
3525eb9c: folds
893b91ec: folds
b19cc786: calls 480
*** FLOP *** [6s 8h 6h]
b19cc786: checks
260a0a8e: bets 856
b19cc786: calls 856
*** TURN *** [6s 8h 6h] [Qh]
b19cc786: bets 1,130
260a0a8e: raises 4,263 to 5,393
b19cc786: calls 4,263
*** RIVER *** [6s 8h 6h Qh] [Ks]
b19cc786: checks
260a0a8e: checks
b19cc786: shows [3c Qd] (Pair of Queens and Pair of Sixes)
260a0a8e: shows [9h 9s] (Pair of Nines and Pair of Sixes)
*** SHOWDOWN ***
b19cc786 collected 14,210 from pot
*** SUMMARY ***
Total pot 14,210 | Rake 0 | Jackpot 0 | Bingo 0 | Fortune 0 | Tax 0
Board [6s 8h 6h Qh Ks]
Seat 1: 893b91ec (big blind) folded before Flop
Seat 2: b19cc786 showed [3c Qd] and won (14,210) with Pair of Queens and Pair of Sixes
Seat 3: 408a8c8a folded before Flop
Seat 4: 260a0a8e showed [9h 9s] and lost with Pair of Nines and Pair of Sixes
Seat 5: 295eadff folded before Flop
Seat 6: Hero folded before Flop
Seat 7: bac9d14f (button) folded before Flop
Seat 8: 3525eb9c (small blind) folded before Flop


Poker Hand #TM3596232634: Tournament #158872056, Bounty Hunters Special $1.08 Hold'em No Limit - Level3(80/160) - 2024/08/19 10:01:14
Table '21' 8-max Seat #6 is the button
Seat 1: 893b91ec (6,368 in chips)
Seat 2: b19cc786 (32,912 in chips)
Seat 3: 408a8c8a (8,659 in chips)
Seat 4: 260a0a8e (22,392 in chips)
Seat 5: 295eadff (19,062 in chips)
Seat 6: Hero (18,002 in chips)
Seat 7: bac9d14f (12,725 in chips)
Seat 8: 3525eb9c (10,517 in chips)
893b91ec: posts the ante 24
295eadff: posts the ante 24
b19cc786: posts the ante 24
bac9d14f: posts the ante 24
408a8c8a: posts the ante 24
3525eb9c: posts the ante 24
Hero: posts the ante 24
260a0a8e: posts the ante 24
bac9d14f: posts small blind 80
3525eb9c: posts big blind 160
*** HOLE CARDS ***
Dealt to 893b91ec 
Dealt to b19cc786 
Dealt to 408a8c8a 
Dealt to 260a0a8e 
Dealt to 295eadff 
Dealt to Hero [Ks 5d]
Dealt to bac9d14f 
Dealt to 3525eb9c 
893b91ec: raises 192 to 352
b19cc786: folds
408a8c8a: folds
260a0a8e: folds
295eadff: folds
Hero: folds
bac9d14f: folds
3525eb9c: calls 192
*** FLOP *** [3h Th 6d]
3525eb9c: checks
893b91ec: checks
*** TURN *** [3h Th 6d] [7s]
3525eb9c: bets 323
893b91ec: calls 323
*** RIVER *** [3h Th 6d 7s] [Qd]
3525eb9c: bets 640
893b91ec: calls 640
3525eb9c: shows [6s Ah] (Pair of Sixes)
893b91ec: shows [7h As] (Pair of Sevens)
*** SHOWDOWN ***
893b91ec collected 2,902 from pot
*** SUMMARY ***
Total pot 2,902 | Rake 0 | Jackpot 0 | Bingo 0 | Fortune 0 | Tax 0
Board [3h Th 6d 7s Qd]
Seat 1: 893b91ec showed [7h As] and won (2,902) with Pair of Sevens
Seat 2: b19cc786 folded before Flop
Seat 3: 408a8c8a folded before Flop
Seat 4: 260a0a8e folded before Flop
Seat 5: 295eadff folded before Flop
Seat 6: Hero (button) folded before Flop
Seat 7: bac9d14f (small blind) folded before Flop
Seat 8: 3525eb9c (big blind) showed [6s Ah] and lost with Pair of Sixes


Poker Hand #TM3596232617: Tournament #158872056, Bounty Hunters Special $1.08 Hold'em No Limit - Level3(80/160) - 2024/08/19 09:54:14
Table '21' 8-max Seat #5 is the button
Seat 1: 893b91ec (6,744 in chips)
Seat 3: 408a8c8a (8,683 in chips)
Seat 4: 260a0a8e (22,416 in chips)
Seat 5: 295eadff (19,086 in chips)
Seat 6: Hero (17,154 in chips)
Seat 7: bac9d14f (13,101 in chips)
Seat 8: 3525eb9c (10,541 in chips)
893b91ec: posts the ante 24
295eadff: posts the ante 24
bac9d14f: posts the ante 24
408a8c8a: posts the ante 24
3525eb9c: posts the ante 24
260a0a8e: posts the ante 24
Hero: posts the ante 24
Hero: posts small blind 80
bac9d14f: posts big blind 160
*** HOLE CARDS ***
Dealt to 893b91ec 
Dealt to 408a8c8a 
Dealt to 260a0a8e 
Dealt to 295eadff 
Dealt to Hero [Qs 8s]
Dealt to bac9d14f 
Dealt to 3525eb9c 
3525eb9c: folds
893b91ec: raises 192 to 352
408a8c8a: folds
260a0a8e: folds
295eadff: folds
Hero: calls 272
bac9d14f: calls 192
*** FLOP *** [9h 5h 6d]
Hero: checks
bac9d14f: checks
893b91ec: checks
*** TURN *** [9h 5h 6d] [Jh]
Hero: checks
bac9d14f: checks
893b91ec: checks
*** RIVER *** [9h 5h 6d Jh] [Tc]
Hero: bets 918
bac9d14f: folds
893b91ec: folds
Uncalled bet (918) returned to Hero
*** SHOWDOWN ***
Hero collected 1,224 from pot
*** SUMMARY ***
Total pot 1,224 | Rake 0 | Jackpot 0 | Bingo 0 | Fortune 0 | Tax 0
Board [9h 5h 6d Jh Tc]
Seat 1: 893b91ec folded on the River
Seat 3: 408a8c8a folded before Flop
Seat 4: 260a0a8e folded before Flop
Seat 5: 295eadff (button) folded before Flop
Seat 6: Hero (small blind) won (1,224)
Seat 7: bac9d14f (big blind) folded on the River
Seat 8: 3525eb9c folded before Flop


Poker Hand #TM3596232608: Tournament #158872056, Bounty Hunters Special $1.08 Hold'em No Limit - Level3(80/160) - 2024/08/19 09:53:17
Table '21' 8-max Seat #4 is the button
Seat 1: 893b91ec (6,768 in chips)
Seat 2: f0ce00f9 (8,637 in chips)
Seat 3: 408a8c8a (8,707 in chips)
Seat 4: 260a0a8e (12,835 in chips)
Seat 5: 295eadff (19,510 in chips)
Seat 6: Hero (17,578 in chips)
Seat 7: bac9d14f (13,125 in chips)
Seat 8: 3525eb9c (10,565 in chips)
893b91ec: posts the ante 24
295eadff: posts the ante 24
bac9d14f: posts the ante 24
408a8c8a: posts the ante 24
f0ce00f9: posts the ante 24
3525eb9c: posts the ante 24
260a0a8e: posts the ante 24
Hero: posts the ante 24
295eadff: posts small blind 80
Hero: posts big blind 160
*** HOLE CARDS ***
Dealt to 893b91ec 
Dealt to f0ce00f9 
Dealt to 408a8c8a 
Dealt to 260a0a8e 
Dealt to 295eadff 
Dealt to Hero [7c 8c]
Dealt to bac9d14f 
Dealt to 3525eb9c 
bac9d14f: folds
3525eb9c: folds
893b91ec: folds
f0ce00f9: raises 240 to 400
408a8c8a: folds
260a0a8e: calls 400
295eadff: calls 320
Hero: calls 240
*** FLOP *** [Tc 3h Jc]
295eadff: checks
Hero: checks
f0ce00f9: bets 1,560
260a0a8e: calls 1,560
295eadff: folds
Hero: folds
*** TURN *** [Tc 3h Jc] [Ah]
f0ce00f9: bets 6,653 and is all-in
260a0a8e: calls 6,653
f0ce00f9: shows [Td Jd] (Pair of Jacks and Pair of Tens)
260a0a8e: shows [3s 3c] (Three Treys)
*** RIVER *** [Tc 3h Jc Ah] [Qs]
*** SHOWDOWN ***
260a0a8e collected 18,218 from pot
*** SUMMARY ***
Total pot 18,218 | Rake 0 | Jackpot 0 | Bingo 0 | Fortune 0 | Tax 0
Board [Tc 3h Jc Ah Qs]
Seat 1: 893b91ec folded before Flop
Seat 2: f0ce00f9 showed [Td Jd] and lost with Pair of Jacks and Pair of Tens
Seat 3: 408a8c8a folded before Flop
Seat 4: 260a0a8e (button) showed [3s 3c] and won (18,218) with Three Treys
Seat 5: 295eadff (small blind) folded on the Flop
Seat 6: Hero (big blind) folded on the Flop
Seat 7: bac9d14f folded before Flop
Seat 8: 3525eb9c folded before Flop


Poker Hand #TM3596232599: Tournament #158872056, Bounty Hunters Special $1.08 Hold'em No Limit - Level3(80/160) - 2024/08/19 09:52:42
Table '21' 8-max Seat #3 is the button
Seat 1: 893b91ec (7,144 in chips)
Seat 2: f0ce00f9 (8,661 in chips)
Seat 3: 408a8c8a (8,731 in chips)
Seat 4: 260a0a8e (12,939 in chips)
Seat 5: 295eadff (19,886 in chips)
Seat 6: Hero (16,626 in chips)
Seat 7: bac9d14f (13,149 in chips)
Seat 8: 3525eb9c (10,589 in chips)
893b91ec: posts the ante 24
295eadff: posts the ante 24
bac9d14f: posts the ante 24
408a8c8a: posts the ante 24
f0ce00f9: posts the ante 24
3525eb9c: posts the ante 24
Hero: posts the ante 24
260a0a8e: posts the ante 24
260a0a8e: posts small blind 80
295eadff: posts big blind 160
*** HOLE CARDS ***
Dealt to 893b91ec 
Dealt to f0ce00f9 
Dealt to 408a8c8a 
Dealt to 260a0a8e 
Dealt to 295eadff 
Dealt to Hero [Td Jd]
Dealt to bac9d14f 
Dealt to 3525eb9c 
Hero: raises 192 to 352
bac9d14f: folds
3525eb9c: folds
893b91ec: calls 352
f0ce00f9: folds
408a8c8a: folds
260a0a8e: folds
295eadff: calls 192
*** FLOP *** [Jh 6s 9s]
295eadff: checks
Hero: bets 439
893b91ec: folds
295eadff: folds
Uncalled bet (439) returned to Hero
*** SHOWDOWN ***
Hero collected 1,328 from pot
*** SUMMARY ***
Total pot 1,328 | Rake 0 | Jackpot 0 | Bingo 0 | Fortune 0 | Tax 0
Board [Jh 6s 9s]
Seat 1: 893b91ec folded on the Flop
Seat 2: f0ce00f9 folded before Flop
Seat 3: 408a8c8a (button) folded before Flop
Seat 4: 260a0a8e (small blind) folded before Flop
Seat 5: 295eadff (big blind) folded on the Flop
Seat 6: Hero won (1,328)
Seat 7: bac9d14f folded before Flop
Seat 8: 3525eb9c folded before Flop


Poker Hand #TM3596232586: Tournament #158872056, Bounty Hunters Special $1.08 Hold'em No Limit - Level3(80/160) - 2024/08/19 09:51:36
Table '21' 8-max Seat #2 is the button
Seat 1: 893b91ec (9,716 in chips)
Seat 2: f0ce00f9 (17,138 in chips)
Seat 3: 408a8c8a (8,835 in chips)
Seat 4: 260a0a8e (13,123 in chips)
Seat 5: 295eadff (8,477 in chips)
Seat 6: Hero (16,650 in chips)
Seat 7: bac9d14f (13,173 in chips)
Seat 8: 3525eb9c (10,613 in chips)
893b91ec: posts the ante 24
295eadff: posts the ante 24
bac9d14f: posts the ante 24
408a8c8a: posts the ante 24
f0ce00f9: posts the ante 24
3525eb9c: posts the ante 24
Hero: posts the ante 24
260a0a8e: posts the ante 24
408a8c8a: posts small blind 80
260a0a8e: posts big blind 160
*** HOLE CARDS ***
Dealt to 893b91ec 
Dealt to f0ce00f9 
Dealt to 408a8c8a 
Dealt to 260a0a8e 
Dealt to 295eadff 
Dealt to Hero [2s Qc]
Dealt to bac9d14f 
Dealt to 3525eb9c 
295eadff: raises 160 to 320
Hero: folds
bac9d14f: folds
3525eb9c: folds
893b91ec: calls 320
f0ce00f9: calls 320
408a8c8a: folds
260a0a8e: folds
*** FLOP *** [Th 3c 5c]
295eadff: checks
893b91ec: bets 696
f0ce00f9: calls 696
295eadff: calls 696
*** TURN *** [Th 3c 5c] [Ah]
295eadff: checks
893b91ec: checks
f0ce00f9: bets 1,532
295eadff: calls 1,532
893b91ec: calls 1,532
*** RIVER *** [Th 3c 5c Ah] [Qs]
295eadff: bets 5,905 and is all-in
893b91ec: folds
f0ce00f9: calls 5,905
295eadff: shows [Ks Jc] (Aces-High Straight)
f0ce00f9: shows [As 7h] (Pair of Aces)
*** SHOWDOWN ***
295eadff collected 19,886 from pot
*** SUMMARY ***
Total pot 19,886 | Rake 0 | Jackpot 0 | Bingo 0 | Fortune 0 | Tax 0
Board [Th 3c 5c Ah Qs]
Seat 1: 893b91ec folded on the River
Seat 2: f0ce00f9 (button) showed [As 7h] and lost with Pair of Aces
Seat 3: 408a8c8a (small blind) folded before Flop
Seat 4: 260a0a8e (big blind) folded before Flop
Seat 5: 295eadff showed [Ks Jc] and won (19,886) with Aces-High Straight
Seat 6: Hero folded before Flop
Seat 7: bac9d14f folded before Flop
Seat 8: 3525eb9c folded before Flop


Poker Hand #TM3596232578: Tournament #158872056, Bounty Hunters Special $1.08 Hold'em No Limit - Level3(80/160) - 2024/08/19 09:51:04
Table '21' 8-max Seat #1 is the button
Seat 1: 893b91ec (9,740 in chips)
Seat 2: f0ce00f9 (17,242 in chips)
Seat 3: 408a8c8a (9,019 in chips)
Seat 4: 260a0a8e (13,147 in chips)
Seat 5: 295eadff (7,317 in chips)
Seat 6: Hero (17,426 in chips)
Seat 7: bac9d14f (13,197 in chips)
Seat 8: 3525eb9c (10,637 in chips)
893b91ec: posts the ante 24
295eadff: posts the ante 24
bac9d14f: posts the ante 24
408a8c8a: posts the ante 24
3525eb9c: posts the ante 24
f0ce00f9: posts the ante 24
Hero: posts the ante 24
260a0a8e: posts the ante 24
f0ce00f9: posts small blind 80
408a8c8a: posts big blind 160
*** HOLE CARDS ***
Dealt to 893b91ec 
Dealt to f0ce00f9 
Dealt to 408a8c8a 
Dealt to 260a0a8e 
Dealt to 295eadff 
Dealt to Hero [Tc Ah]
Dealt to bac9d14f 
Dealt to 3525eb9c 
260a0a8e: folds
295eadff: raises 592 to 752
Hero: calls 752
bac9d14f: folds
3525eb9c: folds
893b91ec: folds
f0ce00f9: folds
408a8c8a: folds
*** FLOP *** [6d 2s 2c]
295eadff: bets 1,936
Hero: folds
Uncalled bet (1,936) returned to 295eadff
295eadff: shows [Jc Js] (Pair of Jacks and Pair of Twos)
*** SHOWDOWN ***
295eadff collected 1,936 from pot
*** SUMMARY ***
Total pot 1,936 | Rake 0 | Jackpot 0 | Bingo 0 | Fortune 0 | Tax 0
Board [6d 2s 2c]
Seat 1: 893b91ec (button) folded before Flop
Seat 2: f0ce00f9 (small blind) folded before Flop
Seat 3: 408a8c8a (big blind) folded before Flop
Seat 4: 260a0a8e folded before Flop
Seat 5: 295eadff showed [Jc Js] and won (1,936)
Seat 6: Hero folded on the Flop
Seat 7: bac9d14f folded before Flop
Seat 8: 3525eb9c folded before Flop


Poker Hand #TM3596232568: Tournament #158872056, Bounty Hunters Special $1.08 Hold'em No Limit - Level3(80/160) - 2024/08/19 09:50:14
Table '21' 8-max Seat #8 is the button
Seat 1: 893b91ec (9,844 in chips)
Seat 2: f0ce00f9 (17,426 in chips)
Seat 3: 408a8c8a (9,043 in chips)
Seat 4: 260a0a8e (13,171 in chips)
Seat 5: 295eadff (8,301 in chips)
Seat 6: Hero (18,410 in chips)
Seat 7: bac9d14f (13,221 in chips)
Seat 8: 3525eb9c (8,309 in chips)
893b91ec: posts the ante 24
295eadff: posts the ante 24
bac9d14f: posts the ante 24
408a8c8a: posts the ante 24
3525eb9c: posts the ante 24
f0ce00f9: posts the ante 24
Hero: posts the ante 24
260a0a8e: posts the ante 24
893b91ec: posts small blind 80
f0ce00f9: posts big blind 160
*** HOLE CARDS ***
Dealt to 893b91ec 
Dealt to f0ce00f9 
Dealt to 408a8c8a 
Dealt to 260a0a8e 
Dealt to 295eadff 
Dealt to Hero [8d 8c]
Dealt to bac9d14f 
Dealt to 3525eb9c 
408a8c8a: folds
260a0a8e: folds
295eadff: raises 160 to 320
Hero: calls 320
bac9d14f: folds
3525eb9c: raises 640 to 960
893b91ec: folds
f0ce00f9: folds
295eadff: calls 640
Hero: calls 640
*** FLOP *** [2c Kd 4d]
295eadff: checks
Hero: checks
3525eb9c: bets 1,280
295eadff: folds
Hero: folds
Uncalled bet (1,280) returned to 3525eb9c
*** SHOWDOWN ***
3525eb9c collected 3,312 from pot
*** SUMMARY ***
Total pot 3,312 | Rake 0 | Jackpot 0 | Bingo 0 | Fortune 0 | Tax 0
Board [2c Kd 4d]
Seat 1: 893b91ec (small blind) folded before Flop
Seat 2: f0ce00f9 (big blind) folded before Flop
Seat 3: 408a8c8a folded before Flop
Seat 4: 260a0a8e folded before Flop
Seat 5: 295eadff folded on the Flop
Seat 6: Hero folded on the Flop
Seat 7: bac9d14f folded before Flop
Seat 8: 3525eb9c (button) won (3,312)


Poker Hand #TM3596232551: Tournament #158872056, Bounty Hunters Special $1.08 Hold'em No Limit - Level2(60/120) - 2024/08/19 09:48:55
Table '21' 8-max Seat #7 is the button
Seat 1: 893b91ec (9,982 in chips)
Seat 2: f0ce00f9 (17,564 in chips)
Seat 3: 408a8c8a (9,061 in chips)
Seat 4: 260a0a8e (13,429 in chips)
Seat 5: 295eadff (7,515 in chips)
Seat 6: Hero (18,428 in chips)
Seat 7: bac9d14f (13,359 in chips)
Seat 8: 3525eb9c (8,387 in chips)
893b91ec: posts the ante 18
295eadff: posts the ante 18
bac9d14f: posts the ante 18
408a8c8a: posts the ante 18
f0ce00f9: posts the ante 18
3525eb9c: posts the ante 18
Hero: posts the ante 18
260a0a8e: posts the ante 18
3525eb9c: posts small blind 60
893b91ec: posts big blind 120
*** HOLE CARDS ***
Dealt to 893b91ec 
Dealt to f0ce00f9 
Dealt to 408a8c8a 
Dealt to 260a0a8e 
Dealt to 295eadff 
Dealt to Hero [Kc 7d]
Dealt to bac9d14f 
Dealt to 3525eb9c 
f0ce00f9: calls 120
408a8c8a: folds
260a0a8e: calls 120
295eadff: calls 120
Hero: folds
bac9d14f: calls 120
3525eb9c: folds
893b91ec: checks
*** FLOP *** [5c Th Ad]
893b91ec: checks
f0ce00f9: checks
260a0a8e: checks
295eadff: checks
bac9d14f: checks
*** TURN *** [5c Th Ad] [9c]
893b91ec: checks
f0ce00f9: checks
260a0a8e: checks
295eadff: bets 120
bac9d14f: folds
893b91ec: folds
f0ce00f9: folds
260a0a8e: calls 120
*** RIVER *** [5c Th Ad 9c] [7c]
260a0a8e: checks
295eadff: checks
260a0a8e: shows [Ks Js] (Ace-High)
295eadff: shows [5s 4s] (Pair of Fives)
*** SHOWDOWN ***
295eadff collected 1,044 from pot
*** SUMMARY ***
Total pot 1,044 | Rake 0 | Jackpot 0 | Bingo 0 | Fortune 0 | Tax 0
Board [5c Th Ad 9c 7c]
Seat 1: 893b91ec (big blind) folded on the Turn
Seat 2: f0ce00f9 folded on the Turn
Seat 3: 408a8c8a folded before Flop
Seat 4: 260a0a8e showed [Ks Js] and lost with Ace-High
Seat 5: 295eadff showed [5s 4s] and won (1,044) with Pair of Fives
Seat 6: Hero folded before Flop
Seat 7: bac9d14f (button) folded on the Turn
Seat 8: 3525eb9c (small blind) folded before Flop


Poker Hand #TM3596232544: Tournament #158872056, Bounty Hunters Special $1.08 Hold'em No Limit - Level2(60/120) - 2024/08/19 09:48:15
Table '21' 8-max Seat #6 is the button
Seat 1: 893b91ec (10,000 in chips)
Seat 2: f0ce00f9 (17,822 in chips)
Seat 3: 408a8c8a (9,079 in chips)
Seat 4: 260a0a8e (12,643 in chips)
Seat 5: 295eadff (7,533 in chips)
Seat 6: Hero (18,686 in chips)
Seat 7: bac9d14f (13,437 in chips)
Seat 8: 3525eb9c (8,525 in chips)
893b91ec: posts the ante 18
295eadff: posts the ante 18
bac9d14f: posts the ante 18
408a8c8a: posts the ante 18
f0ce00f9: posts the ante 18
3525eb9c: posts the ante 18
Hero: posts the ante 18
260a0a8e: posts the ante 18
bac9d14f: posts small blind 60
3525eb9c: posts big blind 120
*** HOLE CARDS ***
Dealt to 893b91ec 
Dealt to f0ce00f9 
Dealt to 408a8c8a 
Dealt to 260a0a8e 
Dealt to 295eadff 
Dealt to Hero [Td Js]
Dealt to bac9d14f 
Dealt to 3525eb9c 
893b91ec: folds
f0ce00f9: raises 120 to 240
408a8c8a: folds
260a0a8e: calls 240
295eadff: folds
Hero: calls 240
bac9d14f: folds
3525eb9c: folds
*** FLOP *** [4s Ad 6d]
f0ce00f9: checks
260a0a8e: checks
Hero: checks
*** TURN *** [4s Ad 6d] [7s]
f0ce00f9: checks
260a0a8e: bets 345
Hero: folds
f0ce00f9: folds
Uncalled bet (345) returned to 260a0a8e
*** SHOWDOWN ***
260a0a8e collected 1,044 from pot
*** SUMMARY ***
Total pot 1,044 | Rake 0 | Jackpot 0 | Bingo 0 | Fortune 0 | Tax 0
Board [4s Ad 6d 7s]
Seat 1: 893b91ec folded before Flop
Seat 2: f0ce00f9 folded on the Turn
Seat 3: 408a8c8a folded before Flop
Seat 4: 260a0a8e won (1,044)
Seat 5: 295eadff folded before Flop
Seat 6: Hero (button) folded on the Turn
Seat 7: bac9d14f (small blind) folded before Flop
Seat 8: 3525eb9c (big blind) folded before Flop


Poker Hand #TM3596232531: Tournament #158872056, Bounty Hunters Special $1.08 Hold'em No Limit - Level2(60/120) - 2024/08/19 09:47:26
Table '21' 8-max Seat #5 is the button
Seat 2: f0ce00f9 (17,840 in chips)
Seat 3: 408a8c8a (10,028 in chips)
Seat 4: 260a0a8e (11,424 in chips)
Seat 5: 295eadff (7,551 in chips)
Seat 6: Hero (18,764 in chips)
Seat 7: bac9d14f (13,575 in chips)
Seat 8: 3525eb9c (8,543 in chips)
295eadff: posts the ante 18
bac9d14f: posts the ante 18
408a8c8a: posts the ante 18
f0ce00f9: posts the ante 18
3525eb9c: posts the ante 18
260a0a8e: posts the ante 18
Hero: posts the ante 18
Hero: posts small blind 60
bac9d14f: posts big blind 120
*** HOLE CARDS ***
Dealt to f0ce00f9 
Dealt to 408a8c8a 
Dealt to 260a0a8e 
Dealt to 295eadff 
Dealt to Hero [2s Td]
Dealt to bac9d14f 
Dealt to 3525eb9c 
3525eb9c: folds
f0ce00f9: folds
408a8c8a: raises 120 to 240
260a0a8e: calls 240
295eadff: folds
Hero: folds
bac9d14f: folds
*** FLOP *** [6d 4c Tc]
408a8c8a: bets 260
260a0a8e: calls 260
*** TURN *** [6d 4c Tc] [4h]
408a8c8a: bets 431
260a0a8e: raises 1,626 to 2,057
408a8c8a: folds
Uncalled bet (1,626) returned to 260a0a8e
*** SHOWDOWN ***
260a0a8e collected 2,168 from pot
*** SUMMARY ***
Total pot 2,168 | Rake 0 | Jackpot 0 | Bingo 0 | Fortune 0 | Tax 0
Board [6d 4c Tc 4h]
Seat 2: f0ce00f9 folded before Flop
Seat 3: 408a8c8a folded on the Turn
Seat 4: 260a0a8e won (2,168)
Seat 5: 295eadff (button) folded before Flop
Seat 6: Hero (small blind) folded before Flop
Seat 7: bac9d14f (big blind) folded before Flop
Seat 8: 3525eb9c folded before Flop


Poker Hand #TM3596232517: Tournament #158872056, Bounty Hunters Special $1.08 Hold'em No Limit - Level2(60/120) - 2024/08/19 09:46:27
Table '21' 8-max Seat #4 is the button
Seat 1: b98ac549 (1,830 in chips)
Seat 2: f0ce00f9 (15,182 in chips)
Seat 3: 408a8c8a (10,046 in chips)
Seat 4: 260a0a8e (11,742 in chips)
Seat 5: 295eadff (7,869 in chips)
Seat 6: Hero (18,902 in chips)
Seat 7: bac9d14f (13,593 in chips)
Seat 8: 3525eb9c (8,561 in chips)
295eadff: posts the ante 18
b98ac549: posts the ante 18
bac9d14f: posts the ante 18
408a8c8a: posts the ante 18
f0ce00f9: posts the ante 18
3525eb9c: posts the ante 18
260a0a8e: posts the ante 18
Hero: posts the ante 18
295eadff: posts small blind 60
Hero: posts big blind 120
*** HOLE CARDS ***
Dealt to b98ac549 
Dealt to f0ce00f9 
Dealt to 408a8c8a 
Dealt to 260a0a8e 
Dealt to 295eadff 
Dealt to Hero [6c Ks]
Dealt to bac9d14f 
Dealt to 3525eb9c 
bac9d14f: folds
3525eb9c: folds
b98ac549: raises 180 to 300
f0ce00f9: calls 300
408a8c8a: folds
260a0a8e: calls 300
295eadff: calls 240
Hero: folds
*** FLOP *** [2d Qh 9h]
295eadff: checks
b98ac549: bets 720
f0ce00f9: raises 840 to 1,560
260a0a8e: folds
295eadff: folds
b98ac549: calls 792 and is all-in
Uncalled bet (48) returned to f0ce00f9
f0ce00f9: shows [8h Qc] (Pair of Queens)
b98ac549: shows [As 8c] (Ace-High)
*** TURN *** [2d Qh 9h] [9c]
*** RIVER *** [2d Qh 9h 9c] [2c]
*** SHOWDOWN ***
f0ce00f9 collected 4,488 from pot
*** SUMMARY ***
Total pot 4,488 | Rake 0 | Jackpot 0 | Bingo 0 | Fortune 0 | Tax 0
Board [2d Qh 9h 9c 2c]
Seat 1: b98ac549 showed [As 8c] and lost with Pair of Nines and Pair of Twos
Seat 2: f0ce00f9 showed [8h Qc] and won (4,488) with Pair of Queens and Pair of Nines
Seat 3: 408a8c8a folded before Flop
Seat 4: 260a0a8e (button) folded on the Flop
Seat 5: 295eadff (small blind) folded on the Flop
Seat 6: Hero (big blind) folded before Flop
Seat 7: bac9d14f folded before Flop
Seat 8: 3525eb9c folded before Flop


Poker Hand #TM3596232509: Tournament #158872056, Bounty Hunters Special $1.08 Hold'em No Limit - Level2(60/120) - 2024/08/19 09:45:57
Table '21' 8-max Seat #3 is the button
Seat 1: b98ac549 (1,848 in chips)
Seat 2: f0ce00f9 (14,756 in chips)
Seat 3: 408a8c8a (10,064 in chips)
Seat 4: 260a0a8e (11,820 in chips)
Seat 5: 295eadff (8,127 in chips)
Seat 6: Hero (18,920 in chips)
Seat 7: bac9d14f (13,611 in chips)
Seat 8: 3525eb9c (8,579 in chips)
295eadff: posts the ante 18
b98ac549: posts the ante 18
bac9d14f: posts the ante 18
408a8c8a: posts the ante 18
f0ce00f9: posts the ante 18
3525eb9c: posts the ante 18
Hero: posts the ante 18
260a0a8e: posts the ante 18
260a0a8e: posts small blind 60
295eadff: posts big blind 120
*** HOLE CARDS ***
Dealt to b98ac549 
Dealt to f0ce00f9 
Dealt to 408a8c8a 
Dealt to 260a0a8e 
Dealt to 295eadff 
Dealt to Hero [2d 9h]
Dealt to bac9d14f 
Dealt to 3525eb9c 
Hero: folds
bac9d14f: folds
3525eb9c: folds
b98ac549: folds
f0ce00f9: raises 120 to 240
408a8c8a: folds
260a0a8e: folds
295eadff: calls 120
*** FLOP *** [Kc 8h 3h]
295eadff: checks
f0ce00f9: bets 199
295eadff: folds
Uncalled bet (199) returned to f0ce00f9
*** SHOWDOWN ***
f0ce00f9 collected 684 from pot
*** SUMMARY ***
Total pot 684 | Rake 0 | Jackpot 0 | Bingo 0 | Fortune 0 | Tax 0
Board [Kc 8h 3h]
Seat 1: b98ac549 folded before Flop
Seat 2: f0ce00f9 won (684)
Seat 3: 408a8c8a (button) folded before Flop
Seat 4: 260a0a8e (small blind) folded before Flop
Seat 5: 295eadff (big blind) folded on the Flop
Seat 6: Hero folded before Flop
Seat 7: bac9d14f folded before Flop
Seat 8: 3525eb9c folded before Flop


Poker Hand #TM3596232496: Tournament #158872056, Bounty Hunters Special $1.08 Hold'em No Limit - Level2(60/120) - 2024/08/19 09:44:53
Table '21' 8-max Seat #2 is the button
Seat 1: b98ac549 (9,082 in chips)
Seat 2: f0ce00f9 (7,234 in chips)
Seat 3: 408a8c8a (10,142 in chips)
Seat 4: 260a0a8e (11,958 in chips)
Seat 5: 295eadff (8,145 in chips)
Seat 6: Hero (18,938 in chips)
Seat 7: bac9d14f (13,629 in chips)
Seat 8: 3525eb9c (8,597 in chips)
295eadff: posts the ante 18
b98ac549: posts the ante 18
bac9d14f: posts the ante 18
408a8c8a: posts the ante 18
f0ce00f9: posts the ante 18
3525eb9c: posts the ante 18
Hero: posts the ante 18
260a0a8e: posts the ante 18
408a8c8a: posts small blind 60
260a0a8e: posts big blind 120
*** HOLE CARDS ***
Dealt to b98ac549 
Dealt to f0ce00f9 
Dealt to 408a8c8a 
Dealt to 260a0a8e 
Dealt to 295eadff 
Dealt to Hero [8h 7s]
Dealt to bac9d14f 
Dealt to 3525eb9c 
295eadff: folds
Hero: folds
bac9d14f: folds
3525eb9c: folds
b98ac549: raises 144 to 264
f0ce00f9: calls 264
408a8c8a: folds
260a0a8e: folds
*** FLOP *** [Jh 7c 6s]
b98ac549: bets 408
f0ce00f9: raises 734 to 1,142
b98ac549: raises 2,218 to 3,360
f0ce00f9: raises 3,592 to 6,952 and is all-in
b98ac549: calls 3,592
f0ce00f9: shows [Ks Jd] (Pair of Jacks)
b98ac549: shows [Ad 3d] (Ace-High)
*** TURN *** [Jh 7c 6s] [9s]
*** RIVER *** [Jh 7c 6s 9s] [9c]
408a8c8a: shows [9d] (Three Nines)
*** SHOWDOWN ***
f0ce00f9 collected 14,756 from pot
*** SUMMARY ***
Total pot 14,756 | Rake 0 | Jackpot 0 | Bingo 0 | Fortune 0 | Tax 0
Board [Jh 7c 6s 9s 9c]
Seat 1: b98ac549 showed [Ad 3d] and lost with Pair of Nines
Seat 2: f0ce00f9 (button) showed [Ks Jd] and won (14,756) with Pair of Jacks and Pair of Nines
Seat 3: 408a8c8a (small blind) folded before Flop
Seat 4: 260a0a8e (big blind) folded before Flop
Seat 5: 295eadff folded before Flop
Seat 6: Hero folded before Flop
Seat 7: bac9d14f folded before Flop
Seat 8: 3525eb9c folded before Flop


Poker Hand #TM3596232486: Tournament #158872056, Bounty Hunters Special $1.08 Hold'em No Limit - Level2(60/120) - 2024/08/19 09:44:01
Table '21' 8-max Seat #1 is the button
Seat 1: b98ac549 (9,460 in chips)
Seat 2: f0ce00f9 (7,312 in chips)
Seat 3: 408a8c8a (10,280 in chips)
Seat 4: 260a0a8e (10,572 in chips)
Seat 5: 295eadff (8,163 in chips)
Seat 6: Hero (18,956 in chips)
Seat 7: bac9d14f (13,647 in chips)
Seat 8: 3525eb9c (9,335 in chips)
295eadff: posts the ante 18
b98ac549: posts the ante 18
bac9d14f: posts the ante 18
408a8c8a: posts the ante 18
3525eb9c: posts the ante 18
f0ce00f9: posts the ante 18
Hero: posts the ante 18
260a0a8e: posts the ante 18
f0ce00f9: posts small blind 60
408a8c8a: posts big blind 120
*** HOLE CARDS ***
Dealt to b98ac549 
Dealt to f0ce00f9 
Dealt to 408a8c8a 
Dealt to 260a0a8e 
Dealt to 295eadff 
Dealt to Hero [Jh 3h]
Dealt to bac9d14f 
Dealt to 3525eb9c 
260a0a8e: calls 120
295eadff: folds
Hero: folds
bac9d14f: folds
3525eb9c: raises 240 to 360
b98ac549: calls 360
f0ce00f9: folds
408a8c8a: folds
260a0a8e: calls 240
*** FLOP *** [Qc 6s 3c]
260a0a8e: checks
3525eb9c: bets 360
b98ac549: folds
260a0a8e: calls 360
*** TURN *** [Qc 6s 3c] [5s]
260a0a8e: bets 1,062
3525eb9c: folds
Uncalled bet (1,062) returned to 260a0a8e
*** SHOWDOWN ***
260a0a8e collected 2,124 from pot
*** SUMMARY ***
Total pot 2,124 | Rake 0 | Jackpot 0 | Bingo 0 | Fortune 0 | Tax 0
Board [Qc 6s 3c 5s]
Seat 1: b98ac549 (button) folded on the Flop
Seat 2: f0ce00f9 (small blind) folded before Flop
Seat 3: 408a8c8a (big blind) folded before Flop
Seat 4: 260a0a8e won (2,124)
Seat 5: 295eadff folded before Flop
Seat 6: Hero folded before Flop
Seat 7: bac9d14f folded before Flop
Seat 8: 3525eb9c folded on the Turn


Poker Hand #TM3596232473: Tournament #158872056, Bounty Hunters Special $1.08 Hold'em No Limit - Level2(60/120) - 2024/08/19 09:43:07
Table '21' 8-max Seat #8 is the button
Seat 1: b98ac549 (9,538 in chips)
Seat 2: f0ce00f9 (7,450 in chips)
Seat 3: 408a8c8a (10,298 in chips)
Seat 4: 260a0a8e (11,414 in chips)
Seat 5: 295eadff (8,181 in chips)
Seat 6: Hero (18,974 in chips)
Seat 7: bac9d14f (12,157 in chips)
Seat 8: 3525eb9c (9,713 in chips)
295eadff: posts the ante 18
b98ac549: posts the ante 18
bac9d14f: posts the ante 18
408a8c8a: posts the ante 18
3525eb9c: posts the ante 18
f0ce00f9: posts the ante 18
Hero: posts the ante 18
260a0a8e: posts the ante 18
b98ac549: posts small blind 60
f0ce00f9: posts big blind 120
*** HOLE CARDS ***
Dealt to b98ac549 
Dealt to f0ce00f9 
Dealt to 408a8c8a 
Dealt to 260a0a8e 
Dealt to 295eadff 
Dealt to Hero [3s Ts]
Dealt to bac9d14f 
Dealt to 3525eb9c 
408a8c8a: folds
260a0a8e: calls 120
295eadff: folds
Hero: folds
bac9d14f: raises 240 to 360
3525eb9c: calls 360
b98ac549: folds
f0ce00f9: folds
260a0a8e: calls 240
*** FLOP *** [3h 7c Jd]
260a0a8e: bets 464
bac9d14f: raises 770 to 1,234
3525eb9c: folds
260a0a8e: folds
Uncalled bet (770) returned to bac9d14f
*** SHOWDOWN ***
bac9d14f collected 2,332 from pot
*** SUMMARY ***
Total pot 2,332 | Rake 0 | Jackpot 0 | Bingo 0 | Fortune 0 | Tax 0
Board [3h 7c Jd]
Seat 1: b98ac549 (small blind) folded before Flop
Seat 2: f0ce00f9 (big blind) folded before Flop
Seat 3: 408a8c8a folded before Flop
Seat 4: 260a0a8e folded on the Flop
Seat 5: 295eadff folded before Flop
Seat 6: Hero folded before Flop
Seat 7: bac9d14f won (2,332)
Seat 8: 3525eb9c (button) folded on the Flop


Poker Hand #TM3596232461: Tournament #158872056, Bounty Hunters Special $1.08 Hold'em No Limit - Level2(60/120) - 2024/08/19 09:42:24
Table '21' 8-max Seat #7 is the button
Seat 1: b98ac549 (9,676 in chips)
Seat 2: f0ce00f9 (7,468 in chips)
Seat 3: 408a8c8a (10,556 in chips)
Seat 4: 260a0a8e (9,964 in chips)
Seat 5: 295eadff (8,863 in chips)
Seat 6: Hero (19,232 in chips)
Seat 7: bac9d14f (12,175 in chips)
Seat 8: 3525eb9c (9,791 in chips)
295eadff: posts the ante 18
b98ac549: posts the ante 18
bac9d14f: posts the ante 18
408a8c8a: posts the ante 18
f0ce00f9: posts the ante 18
3525eb9c: posts the ante 18
Hero: posts the ante 18
260a0a8e: posts the ante 18
3525eb9c: posts small blind 60
b98ac549: posts big blind 120
*** HOLE CARDS ***
Dealt to b98ac549 
Dealt to f0ce00f9 
Dealt to 408a8c8a 
Dealt to 260a0a8e 
Dealt to 295eadff 
Dealt to Hero [As Qs]
Dealt to bac9d14f 
Dealt to 3525eb9c 
f0ce00f9: folds
408a8c8a: raises 120 to 240
260a0a8e: calls 240
295eadff: calls 240
Hero: calls 240
bac9d14f: folds
3525eb9c: folds
b98ac549: folds
*** FLOP *** [7s Th 7d]
408a8c8a: checks
260a0a8e: bets 424
295eadff: calls 424
Hero: folds
408a8c8a: folds
*** TURN *** [7s Th 7d] [Ks]
260a0a8e: bets 704
295eadff: folds
Uncalled bet (704) returned to 260a0a8e
*** SHOWDOWN ***
260a0a8e collected 2,132 from pot
*** SUMMARY ***
Total pot 2,132 | Rake 0 | Jackpot 0 | Bingo 0 | Fortune 0 | Tax 0
Board [7s Th 7d Ks]
Seat 1: b98ac549 (big blind) folded before Flop
Seat 2: f0ce00f9 folded before Flop
Seat 3: 408a8c8a folded on the Flop
Seat 4: 260a0a8e won (2,132)
Seat 5: 295eadff folded on the Turn
Seat 6: Hero folded on the Flop
Seat 7: bac9d14f (button) folded before Flop
Seat 8: 3525eb9c (small blind) folded before Flop


Poker Hand #TM3596232455: Tournament #158872056, Bounty Hunters Special $1.08 Hold'em No Limit - Level2(60/120) - 2024/08/19 09:42:05
Table '21' 8-max Seat #6 is the button
Seat 1: b98ac549 (9,694 in chips)
Seat 2: f0ce00f9 (7,486 in chips)
Seat 3: 408a8c8a (10,574 in chips)
Seat 4: 260a0a8e (9,982 in chips)
Seat 5: 295eadff (8,557 in chips)
Seat 6: Hero (19,250 in chips)
Seat 7: bac9d14f (12,253 in chips)
Seat 8: 3525eb9c (9,929 in chips)
295eadff: posts the ante 18
b98ac549: posts the ante 18
bac9d14f: posts the ante 18
408a8c8a: posts the ante 18
f0ce00f9: posts the ante 18
3525eb9c: posts the ante 18
Hero: posts the ante 18
260a0a8e: posts the ante 18
bac9d14f: posts small blind 60
3525eb9c: posts big blind 120
*** HOLE CARDS ***
Dealt to b98ac549 
Dealt to f0ce00f9 
Dealt to 408a8c8a 
Dealt to 260a0a8e 
Dealt to 295eadff 
Dealt to Hero [Qd 6d]
Dealt to bac9d14f 
Dealt to 3525eb9c 
b98ac549: folds
f0ce00f9: folds
408a8c8a: folds
260a0a8e: folds
295eadff: raises 120 to 240
Hero: folds
bac9d14f: folds
3525eb9c: folds
Uncalled bet (120) returned to 295eadff
*** SHOWDOWN ***
295eadff collected 444 from pot
*** SUMMARY ***
Total pot 444 | Rake 0 | Jackpot 0 | Bingo 0 | Fortune 0 | Tax 0
Seat 1: b98ac549 folded before Flop
Seat 2: f0ce00f9 folded before Flop
Seat 3: 408a8c8a folded before Flop
Seat 4: 260a0a8e folded before Flop
Seat 5: 295eadff collected (444)
Seat 6: Hero (button) folded before Flop
Seat 7: bac9d14f (small blind) folded before Flop
Seat 8: 3525eb9c (big blind) folded before Flop


Poker Hand #TM3596232439: Tournament #158872056, Bounty Hunters Special $1.08 Hold'em No Limit - Level2(60/120) - 2024/08/19 09:40:53
Table '21' 8-max Seat #5 is the button
Seat 1: b98ac549 (9,712 in chips)
Seat 2: f0ce00f9 (7,504 in chips)
Seat 3: 408a8c8a (10,592 in chips)
Seat 4: 260a0a8e (10,000 in chips)
Seat 5: 295eadff (9,194 in chips)
Seat 6: Hero (19,555 in chips)
Seat 7: bac9d14f (11,221 in chips)
Seat 8: 3525eb9c (9,947 in chips)
295eadff: posts the ante 18
b98ac549: posts the ante 18
bac9d14f: posts the ante 18
408a8c8a: posts the ante 18
f0ce00f9: posts the ante 18
3525eb9c: posts the ante 18
260a0a8e: posts the ante 18
Hero: posts the ante 18
Hero: posts small blind 60
bac9d14f: posts big blind 120
*** HOLE CARDS ***
Dealt to b98ac549 
Dealt to f0ce00f9 
Dealt to 408a8c8a 
Dealt to 260a0a8e 
Dealt to 295eadff 
Dealt to Hero [8c Ad]
Dealt to bac9d14f 
Dealt to 3525eb9c 
3525eb9c: folds
b98ac549: folds
f0ce00f9: folds
408a8c8a: folds
260a0a8e: folds
295eadff: calls 120
Hero: calls 60
bac9d14f: checks
*** FLOP *** [9h 2h 8h]
Hero: bets 167
bac9d14f: calls 167
295eadff: calls 167
*** TURN *** [9h 2h 8h] [9s]
Hero: checks
bac9d14f: bets 332
295eadff: calls 332
Hero: folds
*** RIVER *** [9h 2h 8h 9s] [Ks]
bac9d14f: bets 1,669
295eadff: folds
Uncalled bet (1,669) returned to bac9d14f
*** SHOWDOWN ***
bac9d14f collected 1,669 from pot
*** SUMMARY ***
Total pot 1,669 | Rake 0 | Jackpot 0 | Bingo 0 | Fortune 0 | Tax 0
Board [9h 2h 8h 9s Ks]
Seat 1: b98ac549 folded before Flop
Seat 2: f0ce00f9 folded before Flop
Seat 3: 408a8c8a folded before Flop
Seat 4: 260a0a8e folded before Flop
Seat 5: 295eadff (button) folded on the River
Seat 6: Hero (small blind) folded on the Turn
Seat 7: bac9d14f (big blind) won (1,669)
Seat 8: 3525eb9c folded before Flop


Poker Hand #TM3596232436: Tournament #158872056, Bounty Hunters Special $1.08 Hold'em No Limit - Level2(60/120) - 2024/08/19 09:40:35
Table '21' 8-max Seat #3 is the button
Seat 1: b98ac549 (9,730 in chips)
Seat 2: f0ce00f9 (7,216 in chips)
Seat 3: 408a8c8a (10,610 in chips)
Seat 5: 295eadff (9,272 in chips)
Seat 6: Hero (19,693 in chips)
Seat 7: bac9d14f (11,239 in chips)
Seat 8: 3525eb9c (9,965 in chips)
295eadff: posts the ante 18
b98ac549: posts the ante 18
bac9d14f: posts the ante 18
408a8c8a: posts the ante 18
f0ce00f9: posts the ante 18
3525eb9c: posts the ante 18
Hero: posts the ante 18
295eadff: posts small blind 60
Hero: posts big blind 120
*** HOLE CARDS ***
Dealt to b98ac549 
Dealt to f0ce00f9 
Dealt to 408a8c8a 
Dealt to 295eadff 
Dealt to Hero [Kd 4s]
Dealt to bac9d14f 
Dealt to 3525eb9c 
bac9d14f: folds
3525eb9c: folds
b98ac549: folds
f0ce00f9: raises 300 to 420
408a8c8a: folds
295eadff: folds
Hero: folds
Uncalled bet (300) returned to f0ce00f9
*** SHOWDOWN ***
f0ce00f9 collected 426 from pot
*** SUMMARY ***
Total pot 426 | Rake 0 | Jackpot 0 | Bingo 0 | Fortune 0 | Tax 0
Seat 1: b98ac549 folded before Flop
Seat 2: f0ce00f9 collected (426)
Seat 3: 408a8c8a (button) folded before Flop
Seat 5: 295eadff (small blind) folded before Flop
Seat 6: Hero (big blind) folded before Flop
Seat 7: bac9d14f folded before Flop
Seat 8: 3525eb9c folded before Flop


Poker Hand #TM3596232430: Tournament #158872056, Bounty Hunters Special $1.08 Hold'em No Limit - Level1(50/100) - 2024/08/19 09:39:55
Table '21' 8-max Seat #2 is the button
Seat 1: b98ac549 (9,745 in chips)
Seat 2: f0ce00f9 (8,275 in chips)
Seat 3: 408a8c8a (10,675 in chips)
Seat 5: 295eadff (9,387 in chips)
Seat 6: Hero (19,708 in chips)
Seat 7: bac9d14f (9,955 in chips)
Seat 8: 3525eb9c (9,980 in chips)
295eadff: posts the ante 15
b98ac549: posts the ante 15
bac9d14f: posts the ante 15
408a8c8a: posts the ante 15
f0ce00f9: posts the ante 15
3525eb9c: posts the ante 15
Hero: posts the ante 15
408a8c8a: posts small blind 50
295eadff: posts big blind 100
*** HOLE CARDS ***
Dealt to b98ac549 
Dealt to f0ce00f9 
Dealt to 408a8c8a 
Dealt to 295eadff 
Dealt to Hero [6c 3h]
Dealt to bac9d14f 
Dealt to 3525eb9c 
Hero: folds
bac9d14f: raises 200 to 300
3525eb9c: folds
b98ac549: folds
f0ce00f9: raises 744 to 1,044
408a8c8a: folds
295eadff: folds
bac9d14f: calls 744
*** FLOP *** [4s Ts 9c]
bac9d14f: bets 774
f0ce00f9: folds
Uncalled bet (774) returned to bac9d14f
*** SHOWDOWN ***
bac9d14f collected 2,343 from pot
*** SUMMARY ***
Total pot 2,343 | Rake 0 | Jackpot 0 | Bingo 0 | Fortune 0 | Tax 0
Board [4s Ts 9c]
Seat 1: b98ac549 folded before Flop
Seat 2: f0ce00f9 (button) folded on the Flop
Seat 3: 408a8c8a (small blind) folded before Flop
Seat 5: 295eadff (big blind) folded before Flop
Seat 6: Hero folded before Flop
Seat 7: bac9d14f won (2,343)
Seat 8: 3525eb9c folded before Flop


Poker Hand #TM3596232412: Tournament #158872056, Bounty Hunters Special $1.08 Hold'em No Limit - Level1(50/100) - 2024/08/19 09:38:46
Table '21' 8-max Seat #1 is the button
Seat 1: b98ac549 (9,760 in chips)
Seat 2: f0ce00f9 (8,340 in chips)
Seat 3: 408a8c8a (10,790 in chips)
Seat 4: 356ee6fe (10,635 in chips)
Seat 5: 295eadff (10,502 in chips)
Seat 6: Hero (20,023 in chips)
Seat 7: bac9d14f (9,970 in chips)
Seat 8: 3525eb9c (9,995 in chips)
295eadff: posts the ante 15
356ee6fe: posts the ante 15
b98ac549: posts the ante 15
bac9d14f: posts the ante 15
408a8c8a: posts the ante 15
3525eb9c: posts the ante 15
f0ce00f9: posts the ante 15
Hero: posts the ante 15
f0ce00f9: posts small blind 50
408a8c8a: posts big blind 100
*** HOLE CARDS ***
Dealt to b98ac549 
Dealt to f0ce00f9 
Dealt to 408a8c8a 
Dealt to 356ee6fe 
Dealt to 295eadff 
Dealt to Hero [7d 4d]
Dealt to bac9d14f 
Dealt to 3525eb9c 
356ee6fe: raises 100 to 200
295eadff: raises 100 to 300
Hero: calls 300
bac9d14f: folds
3525eb9c: folds
b98ac549: folds
f0ce00f9: folds
408a8c8a: folds
356ee6fe: raises 800 to 1,100
295eadff: calls 800
Hero: folds
*** FLOP *** [Ks Kd 8c]
356ee6fe: bets 1,385
295eadff: folds
Uncalled bet (1,385) returned to 356ee6fe
*** SHOWDOWN ***
356ee6fe collected 2,770 from pot
*** SUMMARY ***
Total pot 2,770 | Rake 0 | Jackpot 0 | Bingo 0 | Fortune 0 | Tax 0
Board [Ks Kd 8c]
Seat 1: b98ac549 (button) folded before Flop
Seat 2: f0ce00f9 (small blind) folded before Flop
Seat 3: 408a8c8a (big blind) folded before Flop
Seat 4: 356ee6fe won (2,770)
Seat 5: 295eadff folded on the Flop
Seat 6: Hero folded before Flop
Seat 7: bac9d14f folded before Flop
Seat 8: 3525eb9c folded before Flop


Poker Hand #TM3596232394: Tournament #158872056, Bounty Hunters Special $1.08 Hold'em No Limit - Level1(50/100) - 2024/08/19 09:37:29
Table '21' 8-max Seat #8 is the button
Seat 1: b98ac549 (9,825 in chips)
Seat 2: f0ce00f9 (8,611 in chips)
Seat 3: 408a8c8a (10,805 in chips)
Seat 4: 356ee6fe (10,650 in chips)
Seat 5: 295eadff (9,735 in chips)
Seat 6: Hero (20,394 in chips)
Seat 7: bac9d14f (9,985 in chips)
Seat 8: 3525eb9c (10,010 in chips)
295eadff: posts the ante 15
356ee6fe: posts the ante 15
b98ac549: posts the ante 15
bac9d14f: posts the ante 15
408a8c8a: posts the ante 15
3525eb9c: posts the ante 15
f0ce00f9: posts the ante 15
Hero: posts the ante 15
b98ac549: posts small blind 50
f0ce00f9: posts big blind 100
*** HOLE CARDS ***
Dealt to b98ac549 
Dealt to f0ce00f9 
Dealt to 408a8c8a 
Dealt to 356ee6fe 
Dealt to 295eadff 
Dealt to Hero [8c 7c]
Dealt to bac9d14f 
Dealt to 3525eb9c 
408a8c8a: folds
356ee6fe: folds
295eadff: calls 100
Hero: raises 156 to 256
bac9d14f: folds
3525eb9c: folds
b98ac549: folds
f0ce00f9: calls 156
295eadff: calls 156
*** FLOP *** [3d Ks Kd]
f0ce00f9: checks
295eadff: checks
Hero: checks
*** TURN *** [3d Ks Kd] [4s]
f0ce00f9: checks
295eadff: bets 100
Hero: calls 100
f0ce00f9: folds
*** RIVER *** [3d Ks Kd 4s] [Qd]
295eadff: bets 100
Hero: folds
Uncalled bet (100) returned to 295eadff
*** SHOWDOWN ***
295eadff collected 1,138 from pot
*** SUMMARY ***
Total pot 1,138 | Rake 0 | Jackpot 0 | Bingo 0 | Fortune 0 | Tax 0
Board [3d Ks Kd 4s Qd]
Seat 1: b98ac549 (small blind) folded before Flop
Seat 2: f0ce00f9 (big blind) folded on the Turn
Seat 3: 408a8c8a folded before Flop
Seat 4: 356ee6fe folded before Flop
Seat 5: 295eadff won (1,138)
Seat 6: Hero folded on the River
Seat 7: bac9d14f folded before Flop
Seat 8: 3525eb9c (button) folded before Flop


Poker Hand #TM3596232377: Tournament #158872056, Bounty Hunters Special $1.08 Hold'em No Limit - Level1(50/100) - 2024/08/19 09:36:40
Table '21' 8-max Seat #7 is the button
Seat 1: b98ac549 (9,940 in chips)
Seat 2: f0ce00f9 (8,626 in chips)
Seat 3: 408a8c8a (10,820 in chips)
Seat 4: 356ee6fe (10,665 in chips)
Seat 5: 295eadff (9,480 in chips)
Seat 6: Hero (20,409 in chips)
Seat 7: bac9d14f (10,000 in chips)
Seat 8: 3525eb9c (10,075 in chips)
295eadff: posts the ante 15
356ee6fe: posts the ante 15
b98ac549: posts the ante 15
bac9d14f: posts the ante 15
408a8c8a: posts the ante 15
f0ce00f9: posts the ante 15
3525eb9c: posts the ante 15
Hero: posts the ante 15
3525eb9c: posts small blind 50
b98ac549: posts big blind 100
*** HOLE CARDS ***
Dealt to b98ac549 
Dealt to f0ce00f9 
Dealt to 408a8c8a 
Dealt to 356ee6fe 
Dealt to 295eadff 
Dealt to Hero [8d Td]
Dealt to bac9d14f 
Dealt to 3525eb9c 
f0ce00f9: folds
408a8c8a: folds
356ee6fe: folds
295eadff: raises 370 to 470
Hero: folds
bac9d14f: folds
3525eb9c: folds
b98ac549: folds
Uncalled bet (370) returned to 295eadff
*** SHOWDOWN ***
295eadff collected 370 from pot
*** SUMMARY ***
Total pot 370 | Rake 0 | Jackpot 0 | Bingo 0 | Fortune 0 | Tax 0
Seat 1: b98ac549 (big blind) folded before Flop
Seat 2: f0ce00f9 folded before Flop
Seat 3: 408a8c8a folded before Flop
Seat 4: 356ee6fe folded before Flop
Seat 5: 295eadff collected (370)
Seat 6: Hero folded before Flop
Seat 7: bac9d14f (button) folded before Flop
Seat 8: 3525eb9c (small blind) folded before Flop


Poker Hand #TM3596232360: Tournament #158872056, Bounty Hunters Special $1.08 Hold'em No Limit - Level1(50/100) - 2024/08/19 09:35:21
Table '21' 8-max Seat #6 is the button
Seat 1: b98ac549 (9,955 in chips)
Seat 2: f0ce00f9 (9,036 in chips)
Seat 3: 408a8c8a (10,835 in chips)
Seat 4: 356ee6fe (10,015 in chips)
Seat 5: 295eadff (9,495 in chips)
Seat 6: Hero (20,424 in chips)
Seat 7: bac9d14f (10,065 in chips)
Seat 8: 3525eb9c (10,190 in chips)
295eadff: posts the ante 15
356ee6fe: posts the ante 15
b98ac549: posts the ante 15
bac9d14f: posts the ante 15
408a8c8a: posts the ante 15
f0ce00f9: posts the ante 15
3525eb9c: posts the ante 15
Hero: posts the ante 15
bac9d14f: posts small blind 50
3525eb9c: posts big blind 100
*** HOLE CARDS ***
Dealt to b98ac549 
Dealt to f0ce00f9 
Dealt to 408a8c8a 
Dealt to 356ee6fe 
Dealt to 295eadff 
Dealt to Hero [Kc 6s]
Dealt to bac9d14f 
Dealt to 3525eb9c 
b98ac549: folds
f0ce00f9: raises 100 to 200
408a8c8a: folds
356ee6fe: calls 200
295eadff: folds
Hero: folds
bac9d14f: folds
3525eb9c: folds
*** FLOP *** [5d Js 4s]
f0ce00f9: bets 195
356ee6fe: calls 195
*** TURN *** [5d Js 4s] [7h]
f0ce00f9: checks
356ee6fe: checks
*** RIVER *** [5d Js 4s 7h] [Jd]
f0ce00f9: checks
356ee6fe: checks
f0ce00f9: shows [Td 6d] (Pair of Jacks)
356ee6fe: shows [2s 2h] (Pair of Jacks and Pair of Twos)
*** SHOWDOWN ***
356ee6fe collected 1,060 from pot
*** SUMMARY ***
Total pot 1,060 | Rake 0 | Jackpot 0 | Bingo 0 | Fortune 0 | Tax 0
Board [5d Js 4s 7h Jd]
Seat 1: b98ac549 folded before Flop
Seat 2: f0ce00f9 showed [Td 6d] and lost with Pair of Jacks
Seat 3: 408a8c8a folded before Flop
Seat 4: 356ee6fe showed [2s 2h] and won (1,060) with Pair of Jacks and Pair of Twos
Seat 5: 295eadff folded before Flop
Seat 6: Hero (button) folded before Flop
Seat 7: bac9d14f (small blind) folded before Flop
Seat 8: 3525eb9c (big blind) folded before Flop


Poker Hand #TM3596232354: Tournament #158872056, Bounty Hunters Special $1.08 Hold'em No Limit - Level1(50/100) - 2024/08/19 09:34:51
Table '21' 8-max Seat #5 is the button
Seat 1: b98ac549 (9,970 in chips)
Seat 2: f0ce00f9 (9,051 in chips)
Seat 3: 408a8c8a (10,850 in chips)
Seat 4: 356ee6fe (9,760 in chips)
Seat 5: 295eadff (9,510 in chips)
Seat 6: Hero (20,489 in chips)
Seat 7: bac9d14f (10,180 in chips)
Seat 8: 3525eb9c (10,205 in chips)
295eadff: posts the ante 15
356ee6fe: posts the ante 15
b98ac549: posts the ante 15
bac9d14f: posts the ante 15
408a8c8a: posts the ante 15
f0ce00f9: posts the ante 15
3525eb9c: posts the ante 15
Hero: posts the ante 15
Hero: posts small blind 50
bac9d14f: posts big blind 100
*** HOLE CARDS ***
Dealt to b98ac549 
Dealt to f0ce00f9 
Dealt to 408a8c8a 
Dealt to 356ee6fe 
Dealt to 295eadff 
Dealt to Hero [3s Th]
Dealt to bac9d14f 
Dealt to 3525eb9c 
3525eb9c: folds
b98ac549: folds
f0ce00f9: folds
408a8c8a: folds
356ee6fe: raises 100 to 200
295eadff: folds
Hero: folds
bac9d14f: folds
Uncalled bet (100) returned to 356ee6fe
*** SHOWDOWN ***
356ee6fe collected 370 from pot
*** SUMMARY ***
Total pot 370 | Rake 0 | Jackpot 0 | Bingo 0 | Fortune 0 | Tax 0
Seat 1: b98ac549 folded before Flop
Seat 2: f0ce00f9 folded before Flop
Seat 3: 408a8c8a folded before Flop
Seat 4: 356ee6fe collected (370)
Seat 5: 295eadff (button) folded before Flop
Seat 6: Hero (small blind) folded before Flop
Seat 7: bac9d14f (big blind) folded before Flop
Seat 8: 3525eb9c folded before Flop


Poker Hand #TM3596232345: Tournament #158872056, Bounty Hunters Special $1.08 Hold'em No Limit - Level1(50/100) - 2024/08/19 09:34:20
Table '21' 8-max Seat #4 is the button
Seat 1: b98ac549 (9,985 in chips)
Seat 2: f0ce00f9 (9,066 in chips)
Seat 3: 408a8c8a (10,865 in chips)
Seat 4: 356ee6fe (9,775 in chips)
Seat 5: 295eadff (9,825 in chips)
Seat 6: Hero (20,604 in chips)
Seat 7: bac9d14f (9,675 in chips)
Seat 8: 3525eb9c (10,220 in chips)
295eadff: posts the ante 15
356ee6fe: posts the ante 15
b98ac549: posts the ante 15
bac9d14f: posts the ante 15
408a8c8a: posts the ante 15
f0ce00f9: posts the ante 15
3525eb9c: posts the ante 15
Hero: posts the ante 15
295eadff: posts small blind 50
Hero: posts big blind 100
*** HOLE CARDS ***
Dealt to b98ac549 
Dealt to f0ce00f9 
Dealt to 408a8c8a 
Dealt to 356ee6fe 
Dealt to 295eadff 
Dealt to Hero [3c 9d]
Dealt to bac9d14f 
Dealt to 3525eb9c 
bac9d14f: raises 200 to 300
3525eb9c: folds
b98ac549: folds
f0ce00f9: folds
408a8c8a: folds
356ee6fe: folds
295eadff: calls 250
Hero: folds
*** FLOP *** [4d Ac Kd]
295eadff: checks
bac9d14f: bets 410
295eadff: folds
Uncalled bet (410) returned to bac9d14f
*** SHOWDOWN ***
bac9d14f collected 820 from pot
*** SUMMARY ***
Total pot 820 | Rake 0 | Jackpot 0 | Bingo 0 | Fortune 0 | Tax 0
Board [4d Ac Kd]
Seat 1: b98ac549 folded before Flop
Seat 2: f0ce00f9 folded before Flop
Seat 3: 408a8c8a folded before Flop
Seat 4: 356ee6fe (button) folded before Flop
Seat 5: 295eadff (small blind) folded on the Flop
Seat 6: Hero (big blind) folded before Flop
Seat 7: bac9d14f won (820)
Seat 8: 3525eb9c folded before Flop


Poker Hand #TM3596232337: Tournament #158872056, Bounty Hunters Special $1.08 Hold'em No Limit - Level1(50/100) - 2024/08/19 09:33:37
Table '21' 8-max Seat #3 is the button
Seat 1: b98ac549 (10,000 in chips)
Seat 2: f0ce00f9 (9,081 in chips)
Seat 3: 408a8c8a (10,610 in chips)
Seat 4: 356ee6fe (9,840 in chips)
Seat 5: 295eadff (9,940 in chips)
Seat 6: Hero (20,619 in chips)
Seat 7: bac9d14f (9,690 in chips)
Seat 8: 3525eb9c (10,235 in chips)
295eadff: posts the ante 15
356ee6fe: posts the ante 15
b98ac549: posts the ante 15
bac9d14f: posts the ante 15
408a8c8a: posts the ante 15
f0ce00f9: posts the ante 15
3525eb9c: posts the ante 15
Hero: posts the ante 15
356ee6fe: posts small blind 50
295eadff: posts big blind 100
*** HOLE CARDS ***
Dealt to b98ac549 
Dealt to f0ce00f9 
Dealt to 408a8c8a 
Dealt to 356ee6fe 
Dealt to 295eadff 
Dealt to Hero [Qd 4h]
Dealt to bac9d14f 
Dealt to 3525eb9c 
Hero: folds
bac9d14f: folds
3525eb9c: folds
b98ac549: folds
f0ce00f9: folds
408a8c8a: raises 100 to 200
356ee6fe: folds
295eadff: folds
Uncalled bet (100) returned to 408a8c8a
*** SHOWDOWN ***
408a8c8a collected 370 from pot
*** SUMMARY ***
Total pot 370 | Rake 0 | Jackpot 0 | Bingo 0 | Fortune 0 | Tax 0
Seat 1: b98ac549 folded before Flop
Seat 2: f0ce00f9 folded before Flop
Seat 3: 408a8c8a (button) collected (370)
Seat 4: 356ee6fe (small blind) folded before Flop
Seat 5: 295eadff (big blind) folded before Flop
Seat 6: Hero folded before Flop
Seat 7: bac9d14f folded before Flop
Seat 8: 3525eb9c folded before Flop


Poker Hand #TM3596232322: Tournament #158872056, Bounty Hunters Special $1.08 Hold'em No Limit - Level1(50/100) - 2024/08/19 09:32:31
Table '21' 8-max Seat #2 is the button
Seat 2: f0ce00f9 (9,486 in chips)
Seat 3: 408a8c8a (10,675 in chips)
Seat 4: 356ee6fe (9,955 in chips)
Seat 5: 295eadff (9,955 in chips)
Seat 6: Hero (20,634 in chips)
Seat 7: bac9d14f (9,705 in chips)
Seat 8: 3525eb9c (9,605 in chips)
295eadff: posts the ante 15
356ee6fe: posts the ante 15
bac9d14f: posts the ante 15
408a8c8a: posts the ante 15
f0ce00f9: posts the ante 15
3525eb9c: posts the ante 15
Hero: posts the ante 15
408a8c8a: posts small blind 50
356ee6fe: posts big blind 100
*** HOLE CARDS ***
Dealt to f0ce00f9 
Dealt to 408a8c8a 
Dealt to 356ee6fe 
Dealt to 295eadff 
Dealt to Hero [4s Kh]
Dealt to bac9d14f 
Dealt to 3525eb9c 
295eadff: folds
Hero: folds
bac9d14f: folds
3525eb9c: raises 100 to 200
f0ce00f9: calls 200
408a8c8a: folds
356ee6fe: folds
*** FLOP *** [Jc Qh 7s]
3525eb9c: checks
f0ce00f9: checks
*** TURN *** [Jc Qh 7s] [6s]
3525eb9c: checks
f0ce00f9: bets 190
3525eb9c: calls 190
*** RIVER *** [Jc Qh 7s 6s] [4h]
3525eb9c: bets 670
f0ce00f9: folds
Uncalled bet (670) returned to 3525eb9c
*** SHOWDOWN ***
3525eb9c collected 1,035 from pot
*** SUMMARY ***
Total pot 1,035 | Rake 0 | Jackpot 0 | Bingo 0 | Fortune 0 | Tax 0
Board [Jc Qh 7s 6s 4h]
Seat 2: f0ce00f9 (button) folded on the River
Seat 3: 408a8c8a (small blind) folded before Flop
Seat 4: 356ee6fe (big blind) folded before Flop
Seat 5: 295eadff folded before Flop
Seat 6: Hero folded before Flop
Seat 7: bac9d14f folded before Flop
Seat 8: 3525eb9c won (1,035)


Poker Hand #TM3596232307: Tournament #158872056, Bounty Hunters Special $1.08 Hold'em No Limit - Level1(50/100) - 2024/08/19 09:31:28
Table '21' 8-max Seat #8 is the button
Seat 1: 995764f8 (15 in chips)
Seat 2: f0ce00f9 (9,701 in chips)
Seat 3: 408a8c8a (9,970 in chips)
Seat 4: 356ee6fe (9,970 in chips)
Seat 5: 295eadff (9,970 in chips)
Seat 6: Hero (20,649 in chips)
Seat 7: bac9d14f (9,920 in chips)
Seat 8: 3525eb9c (9,820 in chips)
295eadff: posts the ante 15
995764f8: posts the ante 15
356ee6fe: posts the ante 15
bac9d14f: posts the ante 15
408a8c8a: posts the ante 15
3525eb9c: posts the ante 15
f0ce00f9: posts the ante 15
Hero: posts the ante 15
995764f8: posts small blind 0
f0ce00f9: posts big blind 100
*** HOLE CARDS ***
Dealt to 995764f8 
Dealt to f0ce00f9 
Dealt to 408a8c8a 
Dealt to 356ee6fe 
Dealt to 295eadff 
Dealt to Hero [4c 9d]
Dealt to bac9d14f 
Dealt to 3525eb9c 
408a8c8a: raises 100 to 200
356ee6fe: folds
295eadff: folds
Hero: folds
bac9d14f: calls 200
3525eb9c: calls 200
f0ce00f9: calls 100
*** FLOP *** [Ts 2h 6s]
f0ce00f9: checks
408a8c8a: bets 460
bac9d14f: folds
3525eb9c: folds
f0ce00f9: folds
Uncalled bet (460) returned to 408a8c8a
408a8c8a: shows [Tc Ah] (Pair of Tens)
995764f8: shows [4d Js] (Jack-High)
*** TURN *** [Ts 2h 6s] [8s]
*** RIVER *** [Ts 2h 6s 8s] [Ad]
*** SHOWDOWN ***
408a8c8a collected 120 from pot
408a8c8a collected 800 from pot
*** SUMMARY ***
Total pot 920 | Rake 0 | Jackpot 0 | Bingo 0 | Fortune 0 | Tax 0
Board [Ts 2h 6s 8s Ad]
Seat 1: 995764f8 (small blind) showed [4d Js] and lost with Ace-High
Seat 2: f0ce00f9 (big blind) folded on the Flop
Seat 3: 408a8c8a showed [Tc Ah] and won (920) with Pair of Aces and Pair of Tens
Seat 4: 356ee6fe folded before Flop
Seat 5: 295eadff folded before Flop
Seat 6: Hero folded before Flop
Seat 7: bac9d14f folded on the Flop
Seat 8: 3525eb9c (button) folded on the Flop


Poker Hand #TM3596232293: Tournament #158872056, Bounty Hunters Special $1.08 Hold'em No Limit - Level1(50/100) - 2024/08/19 09:30:32
Table '21' 8-max Seat #7 is the button
Seat 1: 995764f8 (10,000 in chips)
Seat 2: f0ce00f9 (10,255 in chips)
Seat 3: 408a8c8a (9,985 in chips)
Seat 4: 356ee6fe (9,985 in chips)
Seat 5: 295eadff (9,985 in chips)
Seat 6: Hero (9,985 in chips)
Seat 7: bac9d14f (9,935 in chips)
Seat 8: 3525eb9c (9,885 in chips)
295eadff: posts the ante 15
995764f8: posts the ante 15
356ee6fe: posts the ante 15
bac9d14f: posts the ante 15
408a8c8a: posts the ante 15
f0ce00f9: posts the ante 15
3525eb9c: posts the ante 15
Hero: posts the ante 15
3525eb9c: posts small blind 50
995764f8: posts big blind 100
*** HOLE CARDS ***
Dealt to 995764f8 
Dealt to f0ce00f9 
Dealt to 408a8c8a 
Dealt to 356ee6fe 
Dealt to 295eadff 
Dealt to Hero [2s As]
Dealt to bac9d14f 
Dealt to 3525eb9c 
f0ce00f9: raises 100 to 200
408a8c8a: folds
356ee6fe: folds
295eadff: folds
Hero: calls 200
bac9d14f: folds
3525eb9c: folds
995764f8: calls 100
*** FLOP *** [3s 8s Js]
995764f8: checks
f0ce00f9: bets 339
Hero: calls 339
995764f8: calls 339
*** TURN *** [3s 8s Js] [9s]
995764f8: bets 9,446 and is all-in
f0ce00f9: folds
Hero: calls 9,431 and is all-in
Uncalled bet (15) returned to 995764f8
995764f8: shows [Qs 7s] (Queen High Flush)
Hero: shows [2s As] (Ace High Flush)
*** RIVER *** [3s 8s Js 9s] [9c]
*** SHOWDOWN ***
Hero collected 20,649 from pot
*** SUMMARY ***
Total pot 20,649 | Rake 0 | Jackpot 0 | Bingo 0 | Fortune 0 | Tax 0
Board [3s 8s Js 9s 9c]
Seat 1: 995764f8 (big blind) showed [Qs 7s] and lost with Queen High Flush
Seat 2: f0ce00f9 folded on the Turn
Seat 3: 408a8c8a folded before Flop
Seat 4: 356ee6fe folded before Flop
Seat 5: 295eadff folded before Flop
Seat 6: Hero showed [2s As] and won (20,649) with Ace High Flush
Seat 7: bac9d14f (button) folded before Flop
Seat 8: 3525eb9c (small blind) folded before Flop


Poker Hand #TM3596232291: Tournament #158872056, Bounty Hunters Special $1.08 Hold'em No Limit - Level1(50/100) - 2024/08/19 09:30:02
Table '21' 8-max Seat #6 is the button
Seat 1: a7b230e7 (10,000 in chips)
Seat 2: f0ce00f9 (10,000 in chips)
Seat 3: 408a8c8a (10,000 in chips)
Seat 4: 356ee6fe (10,000 in chips)
Seat 5: 295eadff (10,000 in chips)
Seat 6: Hero (10,000 in chips)
Seat 7: bac9d14f (10,000 in chips)
Seat 8: 3525eb9c (10,000 in chips)
a7b230e7: posts the ante 15
295eadff: posts the ante 15
356ee6fe: posts the ante 15
bac9d14f: posts the ante 15
408a8c8a: posts the ante 15
f0ce00f9: posts the ante 15
3525eb9c: posts the ante 15
Hero: posts the ante 15
bac9d14f: posts small blind 50
3525eb9c: posts big blind 100
*** HOLE CARDS ***
Dealt to a7b230e7 
Dealt to f0ce00f9 
Dealt to 408a8c8a 
Dealt to 356ee6fe 
Dealt to 295eadff 
Dealt to Hero [Qd 6s]
Dealt to bac9d14f 
Dealt to 3525eb9c 
a7b230e7: folds
f0ce00f9: raises 100 to 200
408a8c8a: folds
356ee6fe: folds
295eadff: folds
Hero: folds
bac9d14f: folds
3525eb9c: folds
Uncalled bet (100) returned to f0ce00f9
*** SHOWDOWN ***
f0ce00f9 collected 370 from pot
*** SUMMARY ***
Total pot 370 | Rake 0 | Jackpot 0 | Bingo 0 | Fortune 0 | Tax 0
Seat 1: a7b230e7 folded before Flop
Seat 2: f0ce00f9 collected (370)
Seat 3: 408a8c8a folded before Flop
Seat 4: 356ee6fe folded before Flop
Seat 5: 295eadff folded before Flop
Seat 6: Hero (button) folded before Flop
Seat 7: bac9d14f (small blind) folded before Flop
Seat 8: 3525eb9c (big blind) folded before Flop


