Poker Hand #TM3529840042: Tournament #155291581, Bounty Hunters $1.08 Hold'em No Limit - Level3(80/160) - 2024/07/28 22:46:47
Table '39' 8-max Seat #2 is the button
Seat 1: 75ba02b4 (14,924 in chips)
Seat 2: 66364f0b (7,153 in chips)
Seat 3: 142d7ca9 (11,810 in chips)
Seat 4: 3b10d7f5 (9,914 in chips)
Seat 5: 2df5bc9c (8,871 in chips)
Seat 6: 7ccdc6e1 (24,488 in chips)
Seat 7: Hero (8,055 in chips)
Seat 8: 6152dae6 (7,676 in chips)
6152dae6: posts the ante 25
2df5bc9c: posts the ante 25
75ba02b4: posts the ante 25
7ccdc6e1: posts the ante 25
142d7ca9: posts the ante 25
66364f0b: posts the ante 25
3b10d7f5: posts the ante 25
Hero: posts the ante 25
142d7ca9: posts small blind 80
3b10d7f5: posts big blind 160
*** HOLE CARDS ***
Dealt to 75ba02b4 
Dealt to 66364f0b 
Dealt to 142d7ca9 
Dealt to 3b10d7f5 
Dealt to 2df5bc9c 
Dealt to 7ccdc6e1 
Dealt to Hero [Kh Kd]
Dealt to 6152dae6 
2df5bc9c: folds
7ccdc6e1: folds
Hero: calls 160
6152dae6: folds
75ba02b4: folds
66364f0b: folds
142d7ca9: raises 160 to 320
3b10d7f5: calls 160
Hero: raises 580 to 900
142d7ca9: raises 580 to 1,480
3b10d7f5: folds
Hero: raises 6,550 to 8,030 and is all-in
142d7ca9: calls 6,550
Hero: shows [Kh Kd]
142d7ca9: shows [Jh 5h]
*** FLOP *** [Ah 7c Ts]
*** TURN *** [Ah 7c Ts] [Jc]
*** RIVER *** [Ah 7c Ts Jc] [Js]
*** SHOWDOWN ***
142d7ca9 collected 16,580 from pot
*** SUMMARY ***
Total pot 16,580 | Rake 0 | Jackpot 0 | Bingo 0 | Fortune 0 | Tax 0
Board [Ah 7c Ts Jc Js]
Seat 1: 75ba02b4 folded before Flop
Seat 2: 66364f0b (button) folded before Flop
Seat 3: 142d7ca9 (small blind) showed [Jh 5h] and won (16,580) with Three Jacks
Seat 4: 3b10d7f5 (big blind) folded before Flop
Seat 5: 2df5bc9c folded before Flop
Seat 6: 7ccdc6e1 folded before Flop
Seat 7: Hero showed [Kh Kd] and lost with Pair of Kings and Pair of Jacks
Seat 8: 6152dae6 folded before Flop


Poker Hand #TM3529839987: Tournament #155291581, Bounty Hunters $1.08 Hold'em No Limit - Level3(80/160) - 2024/07/28 22:45:48
Table '39' 8-max Seat #1 is the button
Seat 1: 75ba02b4 (14,098 in chips)
Seat 2: 66364f0b (7,258 in chips)
Seat 3: 142d7ca9 (11,995 in chips)
Seat 4: 3b10d7f5 (9,939 in chips)
Seat 5: 2df5bc9c (8,896 in chips)
Seat 6: 7ccdc6e1 (24,513 in chips)
Seat 7: Hero (8,080 in chips)
Seat 8: 6152dae6 (8,112 in chips)
6152dae6: posts the ante 25
2df5bc9c: posts the ante 25
75ba02b4: posts the ante 25
7ccdc6e1: posts the ante 25
142d7ca9: posts the ante 25
3b10d7f5: posts the ante 25
66364f0b: posts the ante 25
Hero: posts the ante 25
66364f0b: posts small blind 80
142d7ca9: posts big blind 160
*** HOLE CARDS ***
Dealt to 75ba02b4 
Dealt to 66364f0b 
Dealt to 142d7ca9 
Dealt to 3b10d7f5 
Dealt to 2df5bc9c 
Dealt to 7ccdc6e1 
Dealt to Hero [9h 4d]
Dealt to 6152dae6 
3b10d7f5: folds
2df5bc9c: folds
7ccdc6e1: folds
Hero: folds
6152dae6: calls 160
75ba02b4: calls 160
66364f0b: folds
142d7ca9: checks
*** FLOP *** [4h Td 3s]
142d7ca9: checks
6152dae6: checks
75ba02b4: checks
*** TURN *** [4h Td 3s] [6h]
142d7ca9: checks
6152dae6: bets 251
75ba02b4: raises 417 to 668
142d7ca9: folds
6152dae6: folds
Uncalled bet (417) returned to 75ba02b4
*** SHOWDOWN ***
75ba02b4 collected 1,262 from pot
*** SUMMARY ***
Total pot 1,262 | Rake 0 | Jackpot 0 | Bingo 0 | Fortune 0 | Tax 0
Board [4h Td 3s 6h]
Seat 1: 75ba02b4 (button) won (1,262)
Seat 2: 66364f0b (small blind) folded before Flop
Seat 3: 142d7ca9 (big blind) folded on the Turn
Seat 4: 3b10d7f5 folded before Flop
Seat 5: 2df5bc9c folded before Flop
Seat 6: 7ccdc6e1 folded before Flop
Seat 7: Hero folded before Flop
Seat 8: 6152dae6 folded on the Turn


Poker Hand #TM3529839928: Tournament #155291581, Bounty Hunters $1.08 Hold'em No Limit - Level3(80/160) - 2024/07/28 22:44:38
Table '39' 8-max Seat #8 is the button
Seat 1: 75ba02b4 (14,203 in chips)
Seat 2: 66364f0b (10,550 in chips)
Seat 3: 142d7ca9 (7,839 in chips)
Seat 4: 3b10d7f5 (9,964 in chips)
Seat 5: 2df5bc9c (8,921 in chips)
Seat 6: 7ccdc6e1 (24,538 in chips)
Seat 7: Hero (8,105 in chips)
Seat 8: 6152dae6 (8,771 in chips)
6152dae6: posts the ante 25
2df5bc9c: posts the ante 25
75ba02b4: posts the ante 25
7ccdc6e1: posts the ante 25
142d7ca9: posts the ante 25
3b10d7f5: posts the ante 25
66364f0b: posts the ante 25
Hero: posts the ante 25
75ba02b4: posts small blind 80
66364f0b: posts big blind 160
*** HOLE CARDS ***
Dealt to 75ba02b4 
Dealt to 66364f0b 
Dealt to 142d7ca9 
Dealt to 3b10d7f5 
Dealt to 2df5bc9c 
Dealt to 7ccdc6e1 
Dealt to Hero [5h 9c]
Dealt to 6152dae6 
142d7ca9: calls 160
3b10d7f5: folds
2df5bc9c: folds
7ccdc6e1: folds
Hero: folds
6152dae6: raises 160 to 320
75ba02b4: folds
66364f0b: raises 314 to 634
142d7ca9: calls 474
6152dae6: calls 314
*** FLOP *** [4s As 5c]
66364f0b: bets 633
142d7ca9: calls 633
6152dae6: folds
*** TURN *** [4s As 5c] [2d]
66364f0b: checks
142d7ca9: checks
*** RIVER *** [4s As 5c 2d] [3h]
66364f0b: bets 1,000
142d7ca9: raises 1,000 to 2,000
66364f0b: calls 1,000
142d7ca9: shows [4h 6s] (Sixes-High Straight)
66364f0b: shows [Ac Tc] (Fives-High Straight)
*** SHOWDOWN ***
142d7ca9 collected 7,448 from pot
*** SUMMARY ***
Total pot 7,448 | Rake 0 | Jackpot 0 | Bingo 0 | Fortune 0 | Tax 0
Board [4s As 5c 2d 3h]
Seat 1: 75ba02b4 (small blind) folded before Flop
Seat 2: 66364f0b (big blind) showed [Ac Tc] and lost with Fives-High Straight
Seat 3: 142d7ca9 showed [4h 6s] and won (7,448) with Sixes-High Straight
Seat 4: 3b10d7f5 folded before Flop
Seat 5: 2df5bc9c folded before Flop
Seat 6: 7ccdc6e1 folded before Flop
Seat 7: Hero folded before Flop
Seat 8: 6152dae6 (button) folded on the Flop


Poker Hand #TM3529839845: Tournament #155291581, Bounty Hunters $1.08 Hold'em No Limit - Level2(60/120) - 2024/07/28 22:43:15
Table '39' 8-max Seat #7 is the button
Seat 1: 75ba02b4 (8,695 in chips)
Seat 2: 66364f0b (10,568 in chips)
Seat 3: 142d7ca9 (7,857 in chips)
Seat 4: 3b10d7f5 (9,982 in chips)
Seat 5: 2df5bc9c (8,939 in chips)
Seat 6: 7ccdc6e1 (24,796 in chips)
Seat 7: Hero (8,728 in chips)
Seat 8: 6152dae6 (13,326 in chips)
2df5bc9c: posts the ante 18
6152dae6: posts the ante 18
75ba02b4: posts the ante 18
7ccdc6e1: posts the ante 18
142d7ca9: posts the ante 18
3b10d7f5: posts the ante 18
66364f0b: posts the ante 18
Hero: posts the ante 18
6152dae6: posts small blind 60
75ba02b4: posts big blind 120
*** HOLE CARDS ***
Dealt to 75ba02b4 
Dealt to 66364f0b 
Dealt to 142d7ca9 
Dealt to 3b10d7f5 
Dealt to 2df5bc9c 
Dealt to 7ccdc6e1 
Dealt to Hero [Kc 6c]
Dealt to 6152dae6 
66364f0b: folds
142d7ca9: folds
3b10d7f5: folds
2df5bc9c: folds
7ccdc6e1: raises 120 to 240
Hero: calls 240
6152dae6: calls 180
75ba02b4: raises 365 to 605
7ccdc6e1: folds
Hero: calls 365
6152dae6: calls 365
*** FLOP *** [8s 6s 9s]
6152dae6: bets 726
75ba02b4: calls 726
Hero: folds
*** TURN *** [8s 6s 9s] [5d]
6152dae6: bets 1,205
75ba02b4: calls 1,205
*** RIVER *** [8s 6s 9s 5d] [3c]
6152dae6: bets 2,001
75ba02b4: calls 2,001
6152dae6: shows [Kd Ac] (Ace-High)
75ba02b4: shows [Qh Qd] (Pair of Queens)
*** SHOWDOWN ***
75ba02b4 collected 10,063 from pot
*** SUMMARY ***
Total pot 10,063 | Rake 0 | Jackpot 0 | Bingo 0 | Fortune 0 | Tax 0
Board [8s 6s 9s 5d 3c]
Seat 1: 75ba02b4 (big blind) showed [Qh Qd] and won (10,063) with Pair of Queens
Seat 2: 66364f0b folded before Flop
Seat 3: 142d7ca9 folded before Flop
Seat 4: 3b10d7f5 folded before Flop
Seat 5: 2df5bc9c folded before Flop
Seat 6: 7ccdc6e1 folded before Flop
Seat 7: Hero (button) folded on the Flop
Seat 8: 6152dae6 (small blind) showed [Kd Ac] and lost with Ace-High


Poker Hand #TM3529839770: Tournament #155291581, Bounty Hunters $1.08 Hold'em No Limit - Level2(60/120) - 2024/07/28 22:41:54
Table '39' 8-max Seat #6 is the button
Seat 1: 75ba02b4 (8,713 in chips)
Seat 2: 66364f0b (10,586 in chips)
Seat 3: 142d7ca9 (7,995 in chips)
Seat 4: 3b10d7f5 (10,000 in chips)
Seat 5: 2df5bc9c (10,000 in chips)
Seat 6: 7ccdc6e1 (24,814 in chips)
Seat 7: Hero (9,789 in chips)
Seat 8: 6152dae6 (10,994 in chips)
2df5bc9c: posts the ante 18
6152dae6: posts the ante 18
75ba02b4: posts the ante 18
7ccdc6e1: posts the ante 18
142d7ca9: posts the ante 18
3b10d7f5: posts the ante 18
66364f0b: posts the ante 18
Hero: posts the ante 18
Hero: posts small blind 60
6152dae6: posts big blind 120
*** HOLE CARDS ***
Dealt to 75ba02b4 
Dealt to 66364f0b 
Dealt to 142d7ca9 
Dealt to 3b10d7f5 
Dealt to 2df5bc9c 
Dealt to 7ccdc6e1 
Dealt to Hero [5c As]
Dealt to 6152dae6 
75ba02b4: folds
66364f0b: folds
142d7ca9: calls 120
3b10d7f5: folds
2df5bc9c: calls 120
7ccdc6e1: folds
Hero: calls 60
6152dae6: checks
*** FLOP *** [Ks 3d 4s]
Hero: checks
6152dae6: checks
142d7ca9: checks
2df5bc9c: bets 360
Hero: calls 360
6152dae6: raises 563 to 923
142d7ca9: folds
2df5bc9c: calls 563
Hero: calls 563
*** TURN *** [Ks 3d 4s] [Qd]
Hero: checks
6152dae6: bets 9,933 and is all-in
2df5bc9c: folds
Hero: folds
Uncalled bet (9,933) returned to 6152dae6
*** SHOWDOWN ***
6152dae6 collected 3,393 from pot
*** SUMMARY ***
Total pot 3,393 | Rake 0 | Jackpot 0 | Bingo 0 | Fortune 0 | Tax 0
Board [Ks 3d 4s Qd]
Seat 1: 75ba02b4 folded before Flop
Seat 2: 66364f0b folded before Flop
Seat 3: 142d7ca9 folded on the Flop
Seat 4: 3b10d7f5 folded before Flop
Seat 5: 2df5bc9c folded on the Turn
Seat 6: 7ccdc6e1 (button) folded before Flop
Seat 7: Hero (small blind) folded on the Turn
Seat 8: 6152dae6 (big blind) won (3,393)


Poker Hand #TM3529839671: Tournament #155291581, Bounty Hunters $1.08 Hold'em No Limit - Level2(60/120) - 2024/07/28 22:40:16
Table '39' 8-max Seat #4 is the button
Seat 1: 75ba02b4 (8,731 in chips)
Seat 2: 66364f0b (10,604 in chips)
Seat 3: 142d7ca9 (8,013 in chips)
Seat 4: 41be4a35 (9,574 in chips)
Seat 6: 7ccdc6e1 (15,030 in chips)
Seat 7: Hero (9,927 in chips)
Seat 8: 6152dae6 (11,012 in chips)
6152dae6: posts the ante 18
41be4a35: posts the ante 18
75ba02b4: posts the ante 18
142d7ca9: posts the ante 18
7ccdc6e1: posts the ante 18
66364f0b: posts the ante 18
Hero: posts the ante 18
7ccdc6e1: posts small blind 60
Hero: posts big blind 120
*** HOLE CARDS ***
Dealt to 75ba02b4 
Dealt to 66364f0b 
Dealt to 142d7ca9 
Dealt to 41be4a35 
Dealt to 7ccdc6e1 
Dealt to Hero [Td 7s]
Dealt to 6152dae6 
6152dae6: folds
75ba02b4: folds
66364f0b: folds
142d7ca9: folds
41be4a35: raises 120 to 240
7ccdc6e1: raises 720 to 960
Hero: folds
41be4a35: raises 1,203 to 2,163
7ccdc6e1: raises 12,849 to 15,012 and is all-in
41be4a35: calls 7,393 and is all-in
Uncalled bet (5,456) returned to 7ccdc6e1
7ccdc6e1: shows [Qs Ad]
41be4a35: shows [Kd Ks]
*** FLOP *** [7h 9s Qc]
*** TURN *** [7h 9s Qc] [Qh]
*** RIVER *** [7h 9s Qc Qh] [8s]
*** SHOWDOWN ***
7ccdc6e1 collected 19,358 from pot
*** SUMMARY ***
Total pot 19,358 | Rake 0 | Jackpot 0 | Bingo 0 | Fortune 0 | Tax 0
Board [7h 9s Qc Qh 8s]
Seat 1: 75ba02b4 folded before Flop
Seat 2: 66364f0b folded before Flop
Seat 3: 142d7ca9 folded before Flop
Seat 4: 41be4a35 (button) showed [Kd Ks] and lost with Pair of Kings and Pair of Queens
Seat 6: 7ccdc6e1 (small blind) showed [Qs Ad] and won (19,358) with Three Queens
Seat 7: Hero (big blind) folded before Flop
Seat 8: 6152dae6 folded before Flop


Poker Hand #TM3529839603: Tournament #155291581, Bounty Hunters $1.08 Hold'em No Limit - Level2(60/120) - 2024/07/28 22:39:08
Table '39' 8-max Seat #3 is the button
Seat 1: 75ba02b4 (8,749 in chips)
Seat 2: 66364f0b (10,622 in chips)
Seat 3: 142d7ca9 (8,604 in chips)
Seat 4: 41be4a35 (9,652 in chips)
Seat 6: 7ccdc6e1 (14,289 in chips)
Seat 7: Hero (9,945 in chips)
Seat 8: 6152dae6 (11,030 in chips)
6152dae6: posts the ante 18
41be4a35: posts the ante 18
75ba02b4: posts the ante 18
142d7ca9: posts the ante 18
7ccdc6e1: posts the ante 18
66364f0b: posts the ante 18
Hero: posts the ante 18
41be4a35: posts small blind 60
7ccdc6e1: posts big blind 120
*** HOLE CARDS ***
Dealt to 75ba02b4 
Dealt to 66364f0b 
Dealt to 142d7ca9 
Dealt to 41be4a35 
Dealt to 7ccdc6e1 
Dealt to Hero [2d Jh]
Dealt to 6152dae6 
Hero: folds
6152dae6: folds
75ba02b4: folds
66364f0b: folds
142d7ca9: raises 120 to 240
41be4a35: folds
7ccdc6e1: calls 120
*** FLOP *** [Ah 6d 2c]
7ccdc6e1: checks
142d7ca9: checks
*** TURN *** [Ah 6d 2c] [8c]
7ccdc6e1: bets 333
142d7ca9: calls 333
*** RIVER *** [Ah 6d 2c 8c] [4d]
7ccdc6e1: bets 666
142d7ca9: folds
Uncalled bet (666) returned to 7ccdc6e1
*** SHOWDOWN ***
7ccdc6e1 collected 1,332 from pot
*** SUMMARY ***
Total pot 1,332 | Rake 0 | Jackpot 0 | Bingo 0 | Fortune 0 | Tax 0
Board [Ah 6d 2c 8c 4d]
Seat 1: 75ba02b4 folded before Flop
Seat 2: 66364f0b folded before Flop
Seat 3: 142d7ca9 (button) folded on the River
Seat 4: 41be4a35 (small blind) folded before Flop
Seat 6: 7ccdc6e1 (big blind) won (1,332)
Seat 7: Hero folded before Flop
Seat 8: 6152dae6 folded before Flop


Poker Hand #TM3529839510: Tournament #155291581, Bounty Hunters $1.08 Hold'em No Limit - Level2(60/120) - 2024/07/28 22:37:44
Table '39' 8-max Seat #2 is the button
Seat 1: 75ba02b4 (9,127 in chips)
Seat 2: 66364f0b (10,640 in chips)
Seat 3: 142d7ca9 (6,918 in chips)
Seat 4: 41be4a35 (9,910 in chips)
Seat 5: 24de749a (8,542 in chips)
Seat 6: 7ccdc6e1 (14,307 in chips)
Seat 7: Hero (10,323 in chips)
Seat 8: 6152dae6 (11,408 in chips)
6152dae6: posts the ante 18
41be4a35: posts the ante 18
75ba02b4: posts the ante 18
7ccdc6e1: posts the ante 18
142d7ca9: posts the ante 18
66364f0b: posts the ante 18
Hero: posts the ante 18
24de749a: posts the ante 18
142d7ca9: posts small blind 60
41be4a35: posts big blind 120
*** HOLE CARDS ***
Dealt to 75ba02b4 
Dealt to 66364f0b 
Dealt to 142d7ca9 
Dealt to 41be4a35 
Dealt to 24de749a 
Dealt to 7ccdc6e1 
Dealt to Hero [Tc Jh]
Dealt to 6152dae6 
24de749a: calls 120
7ccdc6e1: folds
Hero: raises 120 to 240
6152dae6: calls 240
75ba02b4: calls 240
66364f0b: folds
142d7ca9: calls 180
41be4a35: calls 120
24de749a: calls 120
*** FLOP *** [Jd 2c As]
142d7ca9: bets 120
41be4a35: folds
24de749a: folds
Hero: calls 120
6152dae6: calls 120
75ba02b4: calls 120
*** TURN *** [Jd 2c As] [Kh]
142d7ca9: bets 840
Hero: folds
6152dae6: folds
75ba02b4: folds
Uncalled bet (840) returned to 142d7ca9
*** SHOWDOWN ***
142d7ca9 collected 2,064 from pot
*** SUMMARY ***
Total pot 2,064 | Rake 0 | Jackpot 0 | Bingo 0 | Fortune 0 | Tax 0
Board [Jd 2c As Kh]
Seat 1: 75ba02b4 folded on the Turn
Seat 2: 66364f0b (button) folded before Flop
Seat 3: 142d7ca9 (small blind) won (2,064)
Seat 4: 41be4a35 (big blind) folded on the Flop
Seat 5: 24de749a folded on the Flop
Seat 6: 7ccdc6e1 folded before Flop
Seat 7: Hero folded on the Turn
Seat 8: 6152dae6 folded on the Turn


Poker Hand #TM3529839447: Tournament #155291581, Bounty Hunters $1.08 Hold'em No Limit - Level1(50/100) - 2024/07/28 22:36:55
Table '39' 8-max Seat #1 is the button
Seat 1: 75ba02b4 (9,142 in chips)
Seat 2: 66364f0b (10,705 in chips)
Seat 3: 142d7ca9 (7,333 in chips)
Seat 4: 41be4a35 (9,925 in chips)
Seat 5: 24de749a (9,410 in chips)
Seat 6: 7ccdc6e1 (14,322 in chips)
Seat 7: Hero (10,338 in chips)
Seat 8: 6152dae6 (10,000 in chips)
6152dae6: posts the ante 15
41be4a35: posts the ante 15
75ba02b4: posts the ante 15
7ccdc6e1: posts the ante 15
142d7ca9: posts the ante 15
66364f0b: posts the ante 15
Hero: posts the ante 15
24de749a: posts the ante 15
66364f0b: posts small blind 50
142d7ca9: posts big blind 100
*** HOLE CARDS ***
Dealt to 75ba02b4 
Dealt to 66364f0b 
Dealt to 142d7ca9 
Dealt to 41be4a35 
Dealt to 24de749a 
Dealt to 7ccdc6e1 
Dealt to Hero [7d Kd]
Dealt to 6152dae6 
41be4a35: folds
24de749a: raises 100 to 200
7ccdc6e1: folds
Hero: folds
6152dae6: calls 200
75ba02b4: folds
66364f0b: folds
142d7ca9: raises 100 to 300
24de749a: calls 100
6152dae6: calls 100
*** FLOP *** [9s 9d 6d]
142d7ca9: bets 100
24de749a: calls 100
6152dae6: calls 100
*** TURN *** [9s 9d 6d] [Jd]
142d7ca9: checks
24de749a: checks
6152dae6: bets 453
142d7ca9: folds
24de749a: calls 453
*** RIVER *** [9s 9d 6d Jd] [Jc]
24de749a: checks
6152dae6: bets 752
24de749a: folds
Uncalled bet (752) returned to 6152dae6
*** SHOWDOWN ***
6152dae6 collected 2,276 from pot
*** SUMMARY ***
Total pot 2,276 | Rake 0 | Jackpot 0 | Bingo 0 | Fortune 0 | Tax 0
Board [9s 9d 6d Jd Jc]
Seat 1: 75ba02b4 (button) folded before Flop
Seat 2: 66364f0b (small blind) folded before Flop
Seat 3: 142d7ca9 (big blind) folded on the Turn
Seat 4: 41be4a35 folded before Flop
Seat 5: 24de749a folded on the River
Seat 6: 7ccdc6e1 folded before Flop
Seat 7: Hero folded before Flop
Seat 8: 6152dae6 won (2,276)


Poker Hand #TM3529839338: Tournament #155291581, Bounty Hunters $1.08 Hold'em No Limit - Level1(50/100) - 2024/07/28 22:35:24
Table '39' 8-max Seat #7 is the button
Seat 1: 75ba02b4 (9,207 in chips)
Seat 2: 66364f0b (10,820 in chips)
Seat 3: 142d7ca9 (12,045 in chips)
Seat 4: 41be4a35 (9,940 in chips)
Seat 5: 24de749a (9,425 in chips)
Seat 6: 7ccdc6e1 (9,385 in chips)
Seat 7: Hero (10,353 in chips)
41be4a35: posts the ante 15
75ba02b4: posts the ante 15
7ccdc6e1: posts the ante 15
142d7ca9: posts the ante 15
66364f0b: posts the ante 15
Hero: posts the ante 15
24de749a: posts the ante 15
75ba02b4: posts small blind 50
66364f0b: posts big blind 100
*** HOLE CARDS ***
Dealt to 75ba02b4 
Dealt to 66364f0b 
Dealt to 142d7ca9 
Dealt to 41be4a35 
Dealt to 24de749a 
Dealt to 7ccdc6e1 
Dealt to Hero [Ah 6h]
142d7ca9: calls 100
41be4a35: folds
24de749a: folds
7ccdc6e1: raises 301 to 401
Hero: folds
75ba02b4: folds
66364f0b: folds
142d7ca9: calls 301
*** FLOP *** [Jh 2s Ks]
142d7ca9: checks
7ccdc6e1: bets 698
142d7ca9: raises 698 to 1,396
7ccdc6e1: calls 698
*** TURN *** [Jh 2s Ks] [5c]
142d7ca9: checks
7ccdc6e1: checks
*** RIVER *** [Jh 2s Ks 5c] [6d]
142d7ca9: bets 2,900
7ccdc6e1: calls 2,900
142d7ca9: shows [8s Kh] (Pair of Kings)
7ccdc6e1: shows [Qc Kc] (Pair of Kings)
*** SHOWDOWN ***
7ccdc6e1 collected 9,649 from pot
*** SUMMARY ***
Total pot 9,649 | Rake 0 | Jackpot 0 | Bingo 0 | Fortune 0 | Tax 0
Board [Jh 2s Ks 5c 6d]
Seat 1: 75ba02b4 (small blind) folded before Flop
Seat 2: 66364f0b (big blind) folded before Flop
Seat 3: 142d7ca9 showed [8s Kh] and lost with Pair of Kings
Seat 4: 41be4a35 folded before Flop
Seat 5: 24de749a folded before Flop
Seat 6: 7ccdc6e1 showed [Qc Kc] and won (9,649) with Pair of Kings
Seat 7: Hero (button) folded before Flop


Poker Hand #TM3529839267: Tournament #155291581, Bounty Hunters $1.08 Hold'em No Limit - Level1(50/100) - 2024/07/28 22:34:30
Table '39' 8-max Seat #6 is the button
Seat 1: 75ba02b4 (9,562 in chips)
Seat 2: 66364f0b (10,000 in chips)
Seat 3: 142d7ca9 (12,060 in chips)
Seat 4: 41be4a35 (9,955 in chips)
Seat 5: 24de749a (9,440 in chips)
Seat 6: 7ccdc6e1 (9,740 in chips)
Seat 7: Hero (10,418 in chips)
41be4a35: posts the ante 15
75ba02b4: posts the ante 15
7ccdc6e1: posts the ante 15
142d7ca9: posts the ante 15
66364f0b: posts the ante 15
24de749a: posts the ante 15
Hero: posts the ante 15
Hero: posts small blind 50
75ba02b4: posts big blind 100
*** HOLE CARDS ***
Dealt to 75ba02b4 
Dealt to 66364f0b 
Dealt to 142d7ca9 
Dealt to 41be4a35 
Dealt to 24de749a 
Dealt to 7ccdc6e1 
Dealt to Hero [5d Ts]
66364f0b: raises 240 to 340
142d7ca9: folds
41be4a35: folds
24de749a: folds
7ccdc6e1: calls 340
Hero: folds
75ba02b4: calls 240
*** FLOP *** [Qc 5c 3d]
75ba02b4: checks
66364f0b: bets 600
7ccdc6e1: folds
75ba02b4: folds
Uncalled bet (600) returned to 66364f0b
*** SHOWDOWN ***
66364f0b collected 1,175 from pot
*** SUMMARY ***
Total pot 1,175 | Rake 0 | Jackpot 0 | Bingo 0 | Fortune 0 | Tax 0
Board [Qc 5c 3d]
Seat 1: 75ba02b4 (big blind) folded on the Flop
Seat 2: 66364f0b won (1,175)
Seat 3: 142d7ca9 folded before Flop
Seat 4: 41be4a35 folded before Flop
Seat 5: 24de749a folded before Flop
Seat 6: 7ccdc6e1 (button) folded on the Flop
Seat 7: Hero (small blind) folded before Flop


Poker Hand #TM3529839186: Tournament #155291581, Bounty Hunters $1.08 Hold'em No Limit - Level1(50/100) - 2024/07/28 22:33:28
Table '39' 8-max Seat #5 is the button
Seat 1: 75ba02b4 (10,000 in chips)
Seat 5: 24de749a (9,455 in chips)
Seat 6: 7ccdc6e1 (9,955 in chips)
Seat 7: Hero (9,735 in chips)
Seat 8: 8e232d95 (10,499 in chips)
75ba02b4: posts the ante 15
7ccdc6e1: posts the ante 15
8e232d95: posts the ante 15
24de749a: posts the ante 15
Hero: posts the ante 15
7ccdc6e1: posts small blind 50
Hero: posts big blind 100
*** HOLE CARDS ***
Dealt to 75ba02b4 
Dealt to 24de749a 
Dealt to 7ccdc6e1 
Dealt to Hero [Ad 3d]
Dealt to 8e232d95 
8e232d95: folds
75ba02b4: raises 100 to 200
24de749a: folds
7ccdc6e1: calls 150
Hero: calls 100
*** FLOP *** [5d 4c 3s]
7ccdc6e1: checks
Hero: bets 223
75ba02b4: calls 223
7ccdc6e1: folds
*** TURN *** [5d 4c 3s] [9s]
Hero: checks
75ba02b4: checks
*** RIVER *** [5d 4c 3s 9s] [9d]
Hero: checks
75ba02b4: checks
Hero: shows [Ad 3d] (Pair of Nines and Pair of Treys)
75ba02b4: shows [Jd Qh] (Pair of Nines)
*** SHOWDOWN ***
Hero collected 1,121 from pot
*** SUMMARY ***
Total pot 1,121 | Rake 0 | Jackpot 0 | Bingo 0 | Fortune 0 | Tax 0
Board [5d 4c 3s 9s 9d]
Seat 1: 75ba02b4 showed [Jd Qh] and lost with Pair of Nines
Seat 5: 24de749a (button) folded before Flop
Seat 6: 7ccdc6e1 (small blind) folded on the Flop
Seat 7: Hero (big blind) showed [Ad 3d] and won (1,121) with Pair of Nines and Pair of Treys
Seat 8: 8e232d95 folded before Flop


Poker Hand #TM3529601741: Tournament #155291581, Bounty Hunters $1.08 Hold'em No Limit - Level1(50/100) - 2024/07/28 22:32:23
Table '26' 8-max Seat #4 is the button
Seat 1: 53b9651 (10,590 in chips)
Seat 3: c37710ba (10,000 in chips)
Seat 4: d42a2de4 (9,750 in chips)
Seat 5: 78f417cf (20,385 in chips)
Seat 6: fc6b0b86 (9,970 in chips)
Seat 7: Hero (9,750 in chips)
Seat 8: e5c4975b (9,570 in chips)
d42a2de4: posts the ante 15
c37710ba: posts the ante 15
fc6b0b86: posts the ante 15
e5c4975b: posts the ante 15
78f417cf: posts the ante 15
53b9651: posts the ante 15
Hero: posts the ante 15
78f417cf: posts small blind 50
fc6b0b86: posts big blind 100
*** HOLE CARDS ***
Dealt to 53b9651 
Dealt to c37710ba 
Dealt to d42a2de4 
Dealt to 78f417cf 
Dealt to fc6b0b86 
Dealt to Hero [6s 8d]
Dealt to e5c4975b 
Hero: folds
e5c4975b: folds
53b9651: folds
c37710ba: folds
d42a2de4: raises 100 to 200
78f417cf: folds
fc6b0b86: calls 100
*** FLOP *** [5c Ts Ks]
fc6b0b86: checks
d42a2de4: bets 167
fc6b0b86: folds
Uncalled bet (167) returned to d42a2de4
*** SHOWDOWN ***
d42a2de4 collected 555 from pot
*** SUMMARY ***
Total pot 555 | Rake 0 | Jackpot 0 | Bingo 0 | Fortune 0 | Tax 0
Board [5c Ts Ks]
Seat 1: 53b9651 folded before Flop
Seat 3: c37710ba folded before Flop
Seat 4: d42a2de4 (button) won (555)
Seat 5: 78f417cf (small blind) folded before Flop
Seat 6: fc6b0b86 (big blind) folded on the Flop
Seat 7: Hero folded before Flop
Seat 8: e5c4975b folded before Flop


Poker Hand #TM3529601637: Tournament #155291581, Bounty Hunters $1.08 Hold'em No Limit - Level1(50/100) - 2024/07/28 22:30:57
Table '26' 8-max Seat #1 is the button
Seat 1: 53b9651 (10,605 in chips)
Seat 2: 4a51f92c (9,885 in chips)
Seat 4: d42a2de4 (9,985 in chips)
Seat 5: 78f417cf (9,985 in chips)
Seat 6: fc6b0b86 (9,985 in chips)
Seat 7: Hero (9,985 in chips)
Seat 8: e5c4975b (9,585 in chips)
d42a2de4: posts the ante 15
fc6b0b86: posts the ante 15
e5c4975b: posts the ante 15
78f417cf: posts the ante 15
53b9651: posts the ante 15
Hero: posts the ante 15
4a51f92c: posts the ante 15
4a51f92c: posts small blind 50
d42a2de4: posts big blind 100
*** HOLE CARDS ***
Dealt to 53b9651 
Dealt to 4a51f92c 
Dealt to d42a2de4 
Dealt to 78f417cf 
Dealt to fc6b0b86 
Dealt to Hero [Jc As]
Dealt to e5c4975b 
78f417cf: raises 120 to 220
fc6b0b86: folds
Hero: calls 220
e5c4975b: folds
53b9651: folds
4a51f92c: calls 170
d42a2de4: calls 120
*** FLOP *** [5d 9d 4s]
4a51f92c: bets 326
d42a2de4: folds
78f417cf: raises 1,637 to 1,963
Hero: folds
4a51f92c: raises 7,687 to 9,650 and is all-in
78f417cf: calls 7,687
4a51f92c: shows [5c 9c] (Pair of Nines and Pair of Fives)
78f417cf: shows [9h Ac] (Pair of Nines)
*** TURN *** [5d 9d 4s] [Tc]
*** RIVER *** [5d 9d 4s Tc] [Ad]
*** SHOWDOWN ***
78f417cf collected 20,285 from pot
*** SUMMARY ***
Total pot 20,285 | Rake 0 | Jackpot 0 | Bingo 0 | Fortune 0 | Tax 0
Board [5d 9d 4s Tc Ad]
Seat 1: 53b9651 (button) folded before Flop
Seat 2: 4a51f92c (small blind) showed [5c 9c] and lost with Pair of Nines and Pair of Fives
Seat 4: d42a2de4 (big blind) folded on the Flop
Seat 5: 78f417cf showed [9h Ac] and won (20,285) with Pair of Aces and Pair of Nines
Seat 6: fc6b0b86 folded before Flop
Seat 7: Hero folded on the Flop
Seat 8: e5c4975b folded before Flop


Poker Hand #TM3529601572: Tournament #155291581, Bounty Hunters $1.08 Hold'em No Limit - Level1(50/100) - 2024/07/28 22:30:02
Table '26' 8-max Seat #8 is the button
Seat 1: 53b9651 (10,000 in chips)
Seat 2: 4a51f92c (10,000 in chips)
Seat 3: 364ba331 (10,000 in chips)
Seat 4: d42a2de4 (10,000 in chips)
Seat 5: 78f417cf (10,000 in chips)
Seat 6: fc6b0b86 (10,000 in chips)
Seat 7: Hero (10,000 in chips)
Seat 8: e5c4975b (10,000 in chips)
d42a2de4: posts the ante 15
fc6b0b86: posts the ante 15
e5c4975b: posts the ante 15
78f417cf: posts the ante 15
53b9651: posts the ante 15
Hero: posts the ante 15
364ba331: posts the ante 15
4a51f92c: posts the ante 15
53b9651: posts small blind 50
4a51f92c: posts big blind 100
*** HOLE CARDS ***
Dealt to 53b9651 
Dealt to 4a51f92c 
Dealt to 364ba331 
Dealt to d42a2de4 
Dealt to 78f417cf 
Dealt to fc6b0b86 
Dealt to Hero [Tc 2h]
Dealt to e5c4975b 
364ba331: folds
d42a2de4: folds
78f417cf: folds
fc6b0b86: folds
Hero: folds
e5c4975b: calls 100
53b9651: raises 300 to 400
4a51f92c: folds
e5c4975b: calls 300
*** FLOP *** [Qh Ac 4h]
53b9651: bets 337
e5c4975b: folds
Uncalled bet (337) returned to 53b9651
*** SHOWDOWN ***
53b9651 collected 1,020 from pot
*** SUMMARY ***
Total pot 1,020 | Rake 0 | Jackpot 0 | Bingo 0 | Fortune 0 | Tax 0
Board [Qh Ac 4h]
Seat 1: 53b9651 (small blind) won (1,020)
Seat 2: 4a51f92c (big blind) folded before Flop
Seat 3: 364ba331 folded before Flop
Seat 4: d42a2de4 folded before Flop
Seat 5: 78f417cf folded before Flop
Seat 6: fc6b0b86 folded before Flop
Seat 7: Hero folded before Flop
Seat 8: e5c4975b (button) folded on the Flop


