Poker Hand #TM3560876527: Tournament #157102926, Bounty Hunters Big One $1.08 Hold'em No Limit - Level5(125/250) - 2024/08/08 18:24:57
Table '101' 8-max Seat #3 is the button
Seat 1: 747b58d3 (24,491 in chips)
Seat 2: 7c4e3b6 (17,187 in chips)
Seat 3: 6d606992 (31,161 in chips)
Seat 4: 187f8b80 (9,169 in chips)
Seat 5: 69cb2573 (7,906 in chips)
Seat 6: ac9f52f0 (12,200 in chips)
Seat 7: a5e896a5 (12,198 in chips)
Seat 8: Hero (1,119 in chips)
a5e896a5: posts the ante 35
6d606992: posts the ante 35
747b58d3: posts the ante 35
187f8b80: posts the ante 35
7c4e3b6: posts the ante 35
ac9f52f0: posts the ante 35
69cb2573: posts the ante 35
Hero: posts the ante 35
187f8b80: posts small blind 125
69cb2573: posts big blind 250
*** HOLE CARDS ***
Dealt to 747b58d3 
Dealt to 7c4e3b6 
Dealt to 6d606992 
Dealt to 187f8b80 
Dealt to 69cb2573 
Dealt to ac9f52f0 
Dealt to a5e896a5 
Dealt to Hero [Kd 5c]
ac9f52f0: folds
a5e896a5: folds
Hero: calls 250
747b58d3: folds
7c4e3b6: calls 250
6d606992: folds
187f8b80: raises 750 to 1,000
69cb2573: folds
Hero: calls 750
7c4e3b6: calls 750
*** FLOP *** [Ts 2s 7c]
187f8b80: checks
Hero: checks
7c4e3b6: checks
*** TURN *** [Ts 2s 7c] [8c]
187f8b80: bets 1,942
Hero: calls 84 and is all-in
7c4e3b6: calls 1,942
*** RIVER *** [Ts 2s 7c 8c] [9d]
187f8b80: checks
7c4e3b6: checks
187f8b80: shows [6c Kc] (Tens-High Straight)
Hero: shows [Kd 5c] (King-High)
7c4e3b6: shows [8d 5d] (Pair of Eights)
*** SHOWDOWN ***
187f8b80 collected 3,782 from pot
187f8b80 collected 3,716 from pot
*** SUMMARY ***
Total pot 7,498 | Rake 0 | Jackpot 0 | Bingo 0 | Fortune 0 | Tax 0
Board [Ts 2s 7c 8c 9d]
Seat 1: 747b58d3 folded before Flop
Seat 2: 7c4e3b6 showed [8d 5d] and lost with Pair of Eights
Seat 3: 6d606992 (button) folded before Flop
Seat 4: 187f8b80 (small blind) showed [6c Kc] and won (7,498) with Tens-High Straight
Seat 5: 69cb2573 (big blind) folded before Flop
Seat 6: ac9f52f0 folded before Flop
Seat 7: a5e896a5 folded before Flop
Seat 8: Hero showed [Kd 5c] and lost with King-High


Poker Hand #TM3560876440: Tournament #157102926, Bounty Hunters Big One $1.08 Hold'em No Limit - Level5(125/250) - 2024/08/08 18:23:13
Table '101' 8-max Seat #2 is the button
Seat 1: 747b58d3 (24,526 in chips)
Seat 2: 7c4e3b6 (17,222 in chips)
Seat 3: 6d606992 (31,821 in chips)
Seat 4: 187f8b80 (9,829 in chips)
Seat 5: 69cb2573 (7,941 in chips)
Seat 6: ac9f52f0 (12,235 in chips)
Seat 7: a5e896a5 (5,369 in chips)
Seat 8: Hero (6,488 in chips)
a5e896a5: posts the ante 35
6d606992: posts the ante 35
747b58d3: posts the ante 35
187f8b80: posts the ante 35
7c4e3b6: posts the ante 35
ac9f52f0: posts the ante 35
69cb2573: posts the ante 35
Hero: posts the ante 35
6d606992: posts small blind 125
187f8b80: posts big blind 250
*** HOLE CARDS ***
Dealt to 747b58d3 
Dealt to 7c4e3b6 
Dealt to 6d606992 
Dealt to 187f8b80 
Dealt to 69cb2573 
Dealt to ac9f52f0 
Dealt to a5e896a5 
Dealt to Hero [8h 7s]
69cb2573: folds
ac9f52f0: folds
a5e896a5: raises 375 to 625
Hero: calls 625
747b58d3: folds
7c4e3b6: folds
6d606992: calls 500
187f8b80: calls 375
*** FLOP *** [Js 5h 7d]
6d606992: checks
187f8b80: checks
a5e896a5: bets 918
Hero: calls 918
6d606992: folds
187f8b80: folds
*** TURN *** [Js 5h 7d] [6c]
a5e896a5: bets 3,791 and is all-in
Hero: calls 3,791
a5e896a5: shows [7h Kh] (Pair of Sevens)
Hero: shows [8h 7s] (Pair of Sevens)
*** RIVER *** [Js 5h 7d 6c] [Qc]
*** SHOWDOWN ***
a5e896a5 collected 12,198 from pot
*** SUMMARY ***
Total pot 12,198 | Rake 0 | Jackpot 0 | Bingo 0 | Fortune 0 | Tax 0
Board [Js 5h 7d 6c Qc]
Seat 1: 747b58d3 folded before Flop
Seat 2: 7c4e3b6 (button) folded before Flop
Seat 3: 6d606992 (small blind) folded on the Flop
Seat 4: 187f8b80 (big blind) folded on the Flop
Seat 5: 69cb2573 folded before Flop
Seat 6: ac9f52f0 folded before Flop
Seat 7: a5e896a5 showed [7h Kh] and won (12,198) with Pair of Sevens
Seat 8: Hero showed [8h 7s] and lost with Pair of Sevens


Poker Hand #TM3560876388: Tournament #157102926, Bounty Hunters Big One $1.08 Hold'em No Limit - Level5(125/250) - 2024/08/08 18:22:06
Table '101' 8-max Seat #1 is the button
Seat 1: 747b58d3 (24,561 in chips)
Seat 2: 7c4e3b6 (10,640 in chips)
Seat 3: 6d606992 (32,106 in chips)
Seat 4: 187f8b80 (9,864 in chips)
Seat 5: 69cb2573 (7,976 in chips)
Seat 6: ac9f52f0 (12,270 in chips)
Seat 7: a5e896a5 (5,404 in chips)
Seat 8: Hero (12,610 in chips)
a5e896a5: posts the ante 35
6d606992: posts the ante 35
747b58d3: posts the ante 35
187f8b80: posts the ante 35
ac9f52f0: posts the ante 35
69cb2573: posts the ante 35
7c4e3b6: posts the ante 35
Hero: posts the ante 35
7c4e3b6: posts small blind 125
6d606992: posts big blind 250
*** HOLE CARDS ***
Dealt to 747b58d3 
Dealt to 7c4e3b6 
Dealt to 6d606992 
Dealt to 187f8b80 
Dealt to 69cb2573 
Dealt to ac9f52f0 
Dealt to a5e896a5 
Dealt to Hero [Kc Js]
187f8b80: folds
69cb2573: folds
ac9f52f0: folds
a5e896a5: folds
Hero: raises 250 to 500
747b58d3: folds
7c4e3b6: raises 1,148 to 1,648
6d606992: folds
Hero: calls 1,148
*** FLOP *** [7h 5d 9c]
7c4e3b6: bets 1,263
Hero: calls 1,263
*** TURN *** [7h 5d 9c] [4d]
7c4e3b6: checks
Hero: bets 3,176
7c4e3b6: calls 3,176
*** RIVER *** [7h 5d 9c 4d] [Ah]
7c4e3b6: checks
Hero: checks
7c4e3b6: shows [Qd Ks] (Ace-High)
Hero: shows [Kc Js] (Ace-High)
*** SHOWDOWN ***
7c4e3b6 collected 12,704 from pot
*** SUMMARY ***
Total pot 12,704 | Rake 0 | Jackpot 0 | Bingo 0 | Fortune 0 | Tax 0
Board [7h 5d 9c 4d Ah]
Seat 1: 747b58d3 (button) folded before Flop
Seat 2: 7c4e3b6 (small blind) showed [Qd Ks] and won (12,704) with Ace-High
Seat 3: 6d606992 (big blind) folded before Flop
Seat 4: 187f8b80 folded before Flop
Seat 5: 69cb2573 folded before Flop
Seat 6: ac9f52f0 folded before Flop
Seat 7: a5e896a5 folded before Flop
Seat 8: Hero showed [Kc Js] and lost with Ace-High


Poker Hand #TM3560876340: Tournament #157102926, Bounty Hunters Big One $1.08 Hold'em No Limit - Level5(125/250) - 2024/08/08 18:21:09
Table '101' 8-max Seat #8 is the button
Seat 1: 747b58d3 (25,096 in chips)
Seat 2: 7c4e3b6 (9,895 in chips)
Seat 3: 6d606992 (32,141 in chips)
Seat 4: 187f8b80 (9,899 in chips)
Seat 5: 69cb2573 (8,011 in chips)
Seat 6: ac9f52f0 (12,305 in chips)
Seat 7: a5e896a5 (5,439 in chips)
Seat 8: Hero (12,645 in chips)
a5e896a5: posts the ante 35
6d606992: posts the ante 35
187f8b80: posts the ante 35
747b58d3: posts the ante 35
ac9f52f0: posts the ante 35
69cb2573: posts the ante 35
7c4e3b6: posts the ante 35
Hero: posts the ante 35
747b58d3: posts small blind 125
7c4e3b6: posts big blind 250
*** HOLE CARDS ***
Dealt to 747b58d3 
Dealt to 7c4e3b6 
Dealt to 6d606992 
Dealt to 187f8b80 
Dealt to 69cb2573 
Dealt to ac9f52f0 
Dealt to a5e896a5 
Dealt to Hero [Qd 2s]
6d606992: folds
187f8b80: folds
69cb2573: folds
ac9f52f0: folds
a5e896a5: folds
Hero: folds
747b58d3: raises 250 to 500
7c4e3b6: calls 250
*** FLOP *** [9d 2h Qc]
747b58d3: checks
7c4e3b6: checks
*** TURN *** [9d 2h Qc] [Ac]
747b58d3: checks
7c4e3b6: checks
*** RIVER *** [9d 2h Qc Ac] [3s]
747b58d3: checks
7c4e3b6: bets 250
747b58d3: folds
Uncalled bet (250) returned to 7c4e3b6
*** SHOWDOWN ***
7c4e3b6 collected 1,280 from pot
*** SUMMARY ***
Total pot 1,280 | Rake 0 | Jackpot 0 | Bingo 0 | Fortune 0 | Tax 0
Board [9d 2h Qc Ac 3s]
Seat 1: 747b58d3 (small blind) folded on the River
Seat 2: 7c4e3b6 (big blind) won (1,280)
Seat 3: 6d606992 folded before Flop
Seat 4: 187f8b80 folded before Flop
Seat 5: 69cb2573 folded before Flop
Seat 6: ac9f52f0 folded before Flop
Seat 7: a5e896a5 folded before Flop
Seat 8: Hero (button) folded before Flop


Poker Hand #TM3560876279: Tournament #157102926, Bounty Hunters Big One $1.08 Hold'em No Limit - Level5(125/250) - 2024/08/08 18:19:52
Table '101' 8-max Seat #7 is the button
Seat 1: 747b58d3 (23,351 in chips)
Seat 2: 7c4e3b6 (9,930 in chips)
Seat 3: 6d606992 (32,176 in chips)
Seat 4: 187f8b80 (9,934 in chips)
Seat 5: 69cb2573 (8,046 in chips)
Seat 6: ac9f52f0 (12,340 in chips)
Seat 7: a5e896a5 (6,224 in chips)
Seat 8: Hero (13,430 in chips)
a5e896a5: posts the ante 35
6d606992: posts the ante 35
187f8b80: posts the ante 35
747b58d3: posts the ante 35
ac9f52f0: posts the ante 35
69cb2573: posts the ante 35
7c4e3b6: posts the ante 35
Hero: posts the ante 35
Hero: posts small blind 125
747b58d3: posts big blind 250
*** HOLE CARDS ***
Dealt to 747b58d3 
Dealt to 7c4e3b6 
Dealt to 6d606992 
Dealt to 187f8b80 
Dealt to 69cb2573 
Dealt to ac9f52f0 
Dealt to a5e896a5 
Dealt to Hero [2s As]
7c4e3b6: folds
6d606992: folds
187f8b80: folds
69cb2573: folds
ac9f52f0: folds
a5e896a5: raises 500 to 750
Hero: calls 625
747b58d3: raises 1,250 to 2,000
a5e896a5: folds
Hero: folds
Uncalled bet (1,250) returned to 747b58d3
*** SHOWDOWN ***
747b58d3 collected 2,530 from pot
*** SUMMARY ***
Total pot 2,530 | Rake 0 | Jackpot 0 | Bingo 0 | Fortune 0 | Tax 0
Seat 1: 747b58d3 (big blind) collected (2,530)
Seat 2: 7c4e3b6 folded before Flop
Seat 3: 6d606992 folded before Flop
Seat 4: 187f8b80 folded before Flop
Seat 5: 69cb2573 folded before Flop
Seat 6: ac9f52f0 folded before Flop
Seat 7: a5e896a5 (button) folded before Flop
Seat 8: Hero (small blind) folded before Flop


Poker Hand #TM3560876240: Tournament #157102926, Bounty Hunters Big One $1.08 Hold'em No Limit - Level5(125/250) - 2024/08/08 18:19:12
Table '101' 8-max Seat #6 is the button
Seat 1: 747b58d3 (23,386 in chips)
Seat 2: 7c4e3b6 (9,965 in chips)
Seat 3: 6d606992 (32,211 in chips)
Seat 4: 187f8b80 (9,969 in chips)
Seat 5: 69cb2573 (7,176 in chips)
Seat 6: ac9f52f0 (12,375 in chips)
Seat 7: a5e896a5 (6,384 in chips)
Seat 8: Hero (13,965 in chips)
a5e896a5: posts the ante 35
6d606992: posts the ante 35
187f8b80: posts the ante 35
747b58d3: posts the ante 35
ac9f52f0: posts the ante 35
69cb2573: posts the ante 35
7c4e3b6: posts the ante 35
Hero: posts the ante 35
a5e896a5: posts small blind 125
Hero: posts big blind 250
*** HOLE CARDS ***
Dealt to 747b58d3 
Dealt to 7c4e3b6 
Dealt to 6d606992 
Dealt to 187f8b80 
Dealt to 69cb2573 
Dealt to ac9f52f0 
Dealt to a5e896a5 
Dealt to Hero [5s 2s]
747b58d3: folds
7c4e3b6: folds
6d606992: folds
187f8b80: folds
69cb2573: raises 250 to 500
ac9f52f0: folds
a5e896a5: folds
Hero: calls 250
*** FLOP *** [Kd Qc Jd]
Hero: checks
69cb2573: bets 1,405
Hero: folds
Uncalled bet (1,405) returned to 69cb2573
*** SHOWDOWN ***
69cb2573 collected 1,405 from pot
*** SUMMARY ***
Total pot 1,405 | Rake 0 | Jackpot 0 | Bingo 0 | Fortune 0 | Tax 0
Board [Kd Qc Jd]
Seat 1: 747b58d3 folded before Flop
Seat 2: 7c4e3b6 folded before Flop
Seat 3: 6d606992 folded before Flop
Seat 4: 187f8b80 folded before Flop
Seat 5: 69cb2573 won (1,405)
Seat 6: ac9f52f0 (button) folded before Flop
Seat 7: a5e896a5 (small blind) folded before Flop
Seat 8: Hero (big blind) folded on the Flop


Poker Hand #TM3560876169: Tournament #157102926, Bounty Hunters Big One $1.08 Hold'em No Limit - Level5(125/250) - 2024/08/08 18:17:53
Table '101' 8-max Seat #5 is the button
Seat 1: 747b58d3 (23,421 in chips)
Seat 2: 7c4e3b6 (10,000 in chips)
Seat 3: 6d606992 (32,246 in chips)
Seat 4: 187f8b80 (8,474 in chips)
Seat 5: 69cb2573 (7,711 in chips)
Seat 6: ac9f52f0 (12,910 in chips)
Seat 7: a5e896a5 (6,669 in chips)
Seat 8: Hero (14,000 in chips)
a5e896a5: posts the ante 35
6d606992: posts the ante 35
187f8b80: posts the ante 35
747b58d3: posts the ante 35
69cb2573: posts the ante 35
7c4e3b6: posts the ante 35
ac9f52f0: posts the ante 35
Hero: posts the ante 35
ac9f52f0: posts small blind 125
a5e896a5: posts big blind 250
*** HOLE CARDS ***
Dealt to 747b58d3 
Dealt to 7c4e3b6 
Dealt to 6d606992 
Dealt to 187f8b80 
Dealt to 69cb2573 
Dealt to ac9f52f0 
Dealt to a5e896a5 
Dealt to Hero [Jd 6s]
Hero: folds
747b58d3: folds
7c4e3b6: folds
6d606992: folds
187f8b80: raises 250 to 500
69cb2573: calls 500
ac9f52f0: calls 375
a5e896a5: folds
*** FLOP *** [Th 5s 5d]
ac9f52f0: checks
187f8b80: bets 1,117
69cb2573: folds
ac9f52f0: folds
Uncalled bet (1,117) returned to 187f8b80
*** SHOWDOWN ***
187f8b80 collected 2,030 from pot
*** SUMMARY ***
Total pot 2,030 | Rake 0 | Jackpot 0 | Bingo 0 | Fortune 0 | Tax 0
Board [Th 5s 5d]
Seat 1: 747b58d3 folded before Flop
Seat 2: 7c4e3b6 folded before Flop
Seat 3: 6d606992 folded before Flop
Seat 4: 187f8b80 won (2,030)
Seat 5: 69cb2573 (button) folded on the Flop
Seat 6: ac9f52f0 (small blind) folded on the Flop
Seat 7: a5e896a5 (big blind) folded before Flop
Seat 8: Hero folded before Flop


Poker Hand #TM3560876090: Tournament #157102926, Bounty Hunters Big One $1.08 Hold'em No Limit - Level4(100/200) - 2024/08/08 18:16:24
Table '101' 8-max Seat #4 is the button
Seat 1: 747b58d3 (23,451 in chips)
Seat 3: 6d606992 (32,276 in chips)
Seat 4: 187f8b80 (8,504 in chips)
Seat 5: 69cb2573 (14,091 in chips)
Seat 6: ac9f52f0 (6,380 in chips)
Seat 7: a5e896a5 (6,699 in chips)
Seat 8: Hero (14,030 in chips)
a5e896a5: posts the ante 30
6d606992: posts the ante 30
187f8b80: posts the ante 30
747b58d3: posts the ante 30
ac9f52f0: posts the ante 30
69cb2573: posts the ante 30
Hero: posts the ante 30
69cb2573: posts small blind 100
ac9f52f0: posts big blind 200
*** HOLE CARDS ***
Dealt to 747b58d3 
Dealt to 6d606992 
Dealt to 187f8b80 
Dealt to 69cb2573 
Dealt to ac9f52f0 
Dealt to a5e896a5 
Dealt to Hero [Tc 5c]
a5e896a5: folds
Hero: folds
747b58d3: folds
6d606992: folds
187f8b80: folds
69cb2573: calls 100
ac9f52f0: raises 500 to 700
69cb2573: calls 500
*** FLOP *** [7h 9c 9s]
69cb2573: checks
ac9f52f0: bets 1,208
69cb2573: raises 2,013 to 3,221
ac9f52f0: raises 2,429 to 5,650 and is all-in
69cb2573: calls 2,429
ac9f52f0: shows [Qc Qh] (Pair of Queens and Pair of Nines)
69cb2573: shows [Ts 7s] (Pair of Nines and Pair of Sevens)
*** TURN *** [7h 9c 9s] [Kd]
*** RIVER *** [7h 9c 9s Kd] [Ac]
*** SHOWDOWN ***
ac9f52f0 collected 12,910 from pot
*** SUMMARY ***
Total pot 12,910 | Rake 0 | Jackpot 0 | Bingo 0 | Fortune 0 | Tax 0
Board [7h 9c 9s Kd Ac]
Seat 1: 747b58d3 folded before Flop
Seat 3: 6d606992 folded before Flop
Seat 4: 187f8b80 (button) folded before Flop
Seat 5: 69cb2573 (small blind) showed [Ts 7s] and lost with Pair of Nines and Pair of Sevens
Seat 6: ac9f52f0 (big blind) showed [Qc Qh] and won (12,910) with Pair of Queens and Pair of Nines
Seat 7: a5e896a5 folded before Flop
Seat 8: Hero folded before Flop


Poker Hand #TM3560876036: Tournament #157102926, Bounty Hunters Big One $1.08 Hold'em No Limit - Level4(100/200) - 2024/08/08 18:15:26
Table '101' 8-max Seat #3 is the button
Seat 1: 747b58d3 (23,481 in chips)
Seat 3: 6d606992 (34,383 in chips)
Seat 4: 187f8b80 (8,634 in chips)
Seat 5: 69cb2573 (11,734 in chips)
Seat 6: ac9f52f0 (6,410 in chips)
Seat 7: a5e896a5 (6,729 in chips)
Seat 8: Hero (14,060 in chips)
a5e896a5: posts the ante 30
6d606992: posts the ante 30
747b58d3: posts the ante 30
187f8b80: posts the ante 30
ac9f52f0: posts the ante 30
69cb2573: posts the ante 30
Hero: posts the ante 30
187f8b80: posts small blind 100
69cb2573: posts big blind 200
*** HOLE CARDS ***
Dealt to 747b58d3 
Dealt to 6d606992 
Dealt to 187f8b80 
Dealt to 69cb2573 
Dealt to ac9f52f0 
Dealt to a5e896a5 
Dealt to Hero [Kc 5s]
ac9f52f0: folds
a5e896a5: folds
Hero: folds
747b58d3: folds
6d606992: raises 200 to 400
187f8b80: folds
69cb2573: calls 200
*** FLOP *** [6s 6d Qc]
69cb2573: checks
6d606992: bets 367
69cb2573: calls 367
*** TURN *** [6s 6d Qc] [2s]
69cb2573: checks
6d606992: bets 1,310
69cb2573: calls 1,310
*** RIVER *** [6s 6d Qc 2s] [7d]
69cb2573: checks
6d606992: checks
69cb2573: shows [Jc Qs] (Pair of Queens and Pair of Sixes)
6d606992: shows [Td 8d] (Pair of Sixes)
*** SHOWDOWN ***
69cb2573 collected 4,464 from pot
*** SUMMARY ***
Total pot 4,464 | Rake 0 | Jackpot 0 | Bingo 0 | Fortune 0 | Tax 0
Board [6s 6d Qc 2s 7d]
Seat 1: 747b58d3 folded before Flop
Seat 3: 6d606992 (button) showed [Td 8d] and lost with Pair of Sixes
Seat 4: 187f8b80 (small blind) folded before Flop
Seat 5: 69cb2573 (big blind) showed [Jc Qs] and won (4,464) with Pair of Queens and Pair of Sixes
Seat 6: ac9f52f0 folded before Flop
Seat 7: a5e896a5 folded before Flop
Seat 8: Hero folded before Flop


Poker Hand #TM3560875966: Tournament #157102926, Bounty Hunters Big One $1.08 Hold'em No Limit - Level4(100/200) - 2024/08/08 18:14:10
Table '101' 8-max Seat #2 is the button
Seat 1: 747b58d3 (23,511 in chips)
Seat 2: 3367c1b9 (7,114 in chips)
Seat 3: 6d606992 (26,689 in chips)
Seat 4: 187f8b80 (9,064 in chips)
Seat 5: 69cb2573 (11,764 in chips)
Seat 6: ac9f52f0 (6,440 in chips)
Seat 7: a5e896a5 (6,759 in chips)
Seat 8: Hero (14,090 in chips)
a5e896a5: posts the ante 30
3367c1b9: posts the ante 30
6d606992: posts the ante 30
747b58d3: posts the ante 30
187f8b80: posts the ante 30
ac9f52f0: posts the ante 30
69cb2573: posts the ante 30
Hero: posts the ante 30
6d606992: posts small blind 100
187f8b80: posts big blind 200
*** HOLE CARDS ***
Dealt to 747b58d3 
Dealt to 3367c1b9 
Dealt to 6d606992 
Dealt to 187f8b80 
Dealt to 69cb2573 
Dealt to ac9f52f0 
Dealt to a5e896a5 
Dealt to Hero [Th 3c]
69cb2573: folds
ac9f52f0: folds
a5e896a5: folds
Hero: folds
747b58d3: folds
3367c1b9: raises 200 to 400
6d606992: calls 300
187f8b80: calls 200
*** FLOP *** [7s Jd As]
6d606992: checks
187f8b80: checks
3367c1b9: bets 920
6d606992: calls 920
187f8b80: folds
*** TURN *** [7s Jd As] [5s]
6d606992: checks
3367c1b9: bets 2,040
6d606992: raises 2,040 to 4,080
3367c1b9: raises 1,684 to 5,764 and is all-in
6d606992: calls 1,684
3367c1b9: shows [Ah Jc] (Pair of Aces and Pair of Jacks)
6d606992: shows [Js Ks] (Ace High Flush)
*** RIVER *** [7s Jd As 5s] [7d]
*** SHOWDOWN ***
6d606992 collected 14,808 from pot
*** SUMMARY ***
Total pot 14,808 | Rake 0 | Jackpot 0 | Bingo 0 | Fortune 0 | Tax 0
Board [7s Jd As 5s 7d]
Seat 1: 747b58d3 folded before Flop
Seat 2: 3367c1b9 (button) showed [Ah Jc] and lost with Pair of Aces and Pair of Jacks
Seat 3: 6d606992 (small blind) showed [Js Ks] and won (14,808) with Ace High Flush
Seat 4: 187f8b80 (big blind) folded on the Flop
Seat 5: 69cb2573 folded before Flop
Seat 6: ac9f52f0 folded before Flop
Seat 7: a5e896a5 folded before Flop
Seat 8: Hero folded before Flop


Poker Hand #TM3560875886: Tournament #157102926, Bounty Hunters Big One $1.08 Hold'em No Limit - Level4(100/200) - 2024/08/08 18:12:45
Table '101' 8-max Seat #1 is the button
Seat 1: 747b58d3 (23,541 in chips)
Seat 2: 3367c1b9 (7,244 in chips)
Seat 3: 6d606992 (27,119 in chips)
Seat 4: 187f8b80 (9,094 in chips)
Seat 5: 69cb2573 (8,344 in chips)
Seat 6: ac9f52f0 (9,180 in chips)
Seat 7: a5e896a5 (6,789 in chips)
Seat 8: Hero (14,120 in chips)
a5e896a5: posts the ante 30
6d606992: posts the ante 30
3367c1b9: posts the ante 30
747b58d3: posts the ante 30
187f8b80: posts the ante 30
ac9f52f0: posts the ante 30
69cb2573: posts the ante 30
Hero: posts the ante 30
3367c1b9: posts small blind 100
6d606992: posts big blind 200
*** HOLE CARDS ***
Dealt to 747b58d3 
Dealt to 3367c1b9 
Dealt to 6d606992 
Dealt to 187f8b80 
Dealt to 69cb2573 
Dealt to ac9f52f0 
Dealt to a5e896a5 
Dealt to Hero [2s 9h]
187f8b80: folds
69cb2573: raises 200 to 400
ac9f52f0: calls 400
a5e896a5: folds
Hero: folds
747b58d3: folds
3367c1b9: folds
6d606992: calls 200
*** FLOP *** [5s As 8h]
6d606992: checks
69cb2573: bets 770
ac9f52f0: calls 770
6d606992: folds
*** TURN *** [5s As 8h] [9c]
69cb2573: checks
ac9f52f0: checks
*** RIVER *** [5s As 8h 9c] [Qc]
69cb2573: bets 1,540
ac9f52f0: calls 1,540
69cb2573: shows [Ad Jc] (Pair of Aces)
ac9f52f0: shows [4h Ah] (Pair of Aces)
*** SHOWDOWN ***
69cb2573 collected 6,160 from pot
*** SUMMARY ***
Total pot 6,160 | Rake 0 | Jackpot 0 | Bingo 0 | Fortune 0 | Tax 0
Board [5s As 8h 9c Qc]
Seat 1: 747b58d3 (button) folded before Flop
Seat 2: 3367c1b9 (small blind) folded before Flop
Seat 3: 6d606992 (big blind) folded on the Flop
Seat 4: 187f8b80 folded before Flop
Seat 5: 69cb2573 showed [Ad Jc] and won (6,160) with Pair of Aces
Seat 6: ac9f52f0 showed [4h Ah] and lost with Pair of Aces
Seat 7: a5e896a5 folded before Flop
Seat 8: Hero folded before Flop


Poker Hand #TM3560875843: Tournament #157102926, Bounty Hunters Big One $1.08 Hold'em No Limit - Level4(100/200) - 2024/08/08 18:12:00
Table '101' 8-max Seat #8 is the button
Seat 1: 747b58d3 (22,731 in chips)
Seat 2: 3367c1b9 (7,474 in chips)
Seat 3: 6d606992 (27,149 in chips)
Seat 4: 187f8b80 (9,124 in chips)
Seat 5: 69cb2573 (8,374 in chips)
Seat 6: ac9f52f0 (9,610 in chips)
Seat 7: a5e896a5 (6,819 in chips)
Seat 8: Hero (14,150 in chips)
a5e896a5: posts the ante 30
6d606992: posts the ante 30
3367c1b9: posts the ante 30
187f8b80: posts the ante 30
747b58d3: posts the ante 30
ac9f52f0: posts the ante 30
69cb2573: posts the ante 30
Hero: posts the ante 30
747b58d3: posts small blind 100
3367c1b9: posts big blind 200
*** HOLE CARDS ***
Dealt to 747b58d3 
Dealt to 3367c1b9 
Dealt to 6d606992 
Dealt to 187f8b80 
Dealt to 69cb2573 
Dealt to ac9f52f0 
Dealt to a5e896a5 
Dealt to Hero [7c 6d]
6d606992: folds
187f8b80: folds
69cb2573: folds
ac9f52f0: raises 200 to 400
a5e896a5: folds
Hero: folds
747b58d3: raises 800 to 1,200
3367c1b9: folds
ac9f52f0: folds
Uncalled bet (800) returned to 747b58d3
*** SHOWDOWN ***
747b58d3 collected 1,240 from pot
*** SUMMARY ***
Total pot 1,240 | Rake 0 | Jackpot 0 | Bingo 0 | Fortune 0 | Tax 0
Seat 1: 747b58d3 (small blind) collected (1,240)
Seat 2: 3367c1b9 (big blind) folded before Flop
Seat 3: 6d606992 folded before Flop
Seat 4: 187f8b80 folded before Flop
Seat 5: 69cb2573 folded before Flop
Seat 6: ac9f52f0 folded before Flop
Seat 7: a5e896a5 folded before Flop
Seat 8: Hero (button) folded before Flop


Poker Hand #TM3560875770: Tournament #157102926, Bounty Hunters Big One $1.08 Hold'em No Limit - Level4(100/200) - 2024/08/08 18:10:43
Table '101' 8-max Seat #7 is the button
Seat 1: 747b58d3 (22,961 in chips)
Seat 2: 3367c1b9 (6,121 in chips)
Seat 3: 6d606992 (27,179 in chips)
Seat 4: 187f8b80 (9,154 in chips)
Seat 5: 69cb2573 (8,404 in chips)
Seat 6: ac9f52f0 (9,640 in chips)
Seat 7: a5e896a5 (7,692 in chips)
Seat 8: Hero (14,280 in chips)
a5e896a5: posts the ante 30
6d606992: posts the ante 30
3367c1b9: posts the ante 30
187f8b80: posts the ante 30
747b58d3: posts the ante 30
ac9f52f0: posts the ante 30
69cb2573: posts the ante 30
Hero: posts the ante 30
Hero: posts small blind 100
747b58d3: posts big blind 200
*** HOLE CARDS ***
Dealt to 747b58d3 
Dealt to 3367c1b9 
Dealt to 6d606992 
Dealt to 187f8b80 
Dealt to 69cb2573 
Dealt to ac9f52f0 
Dealt to a5e896a5 
Dealt to Hero [3c Qs]
3367c1b9: raises 200 to 400
6d606992: folds
187f8b80: folds
69cb2573: folds
ac9f52f0: folds
a5e896a5: raises 443 to 843
Hero: folds
747b58d3: folds
3367c1b9: calls 443
*** FLOP *** [4s Jh 2d]
3367c1b9: checks
a5e896a5: checks
*** TURN *** [4s Jh 2d] [3h]
3367c1b9: checks
a5e896a5: checks
*** RIVER *** [4s Jh 2d 3h] [9h]
3367c1b9: checks
a5e896a5: checks
3367c1b9: shows [Ad Td] (Ace-High)
a5e896a5: shows [Ks Qh] (King-High)
*** SHOWDOWN ***
3367c1b9 collected 2,226 from pot
*** SUMMARY ***
Total pot 2,226 | Rake 0 | Jackpot 0 | Bingo 0 | Fortune 0 | Tax 0
Board [4s Jh 2d 3h 9h]
Seat 1: 747b58d3 (big blind) folded before Flop
Seat 2: 3367c1b9 showed [Ad Td] and won (2,226) with Ace-High
Seat 3: 6d606992 folded before Flop
Seat 4: 187f8b80 folded before Flop
Seat 5: 69cb2573 folded before Flop
Seat 6: ac9f52f0 folded before Flop
Seat 7: a5e896a5 (button) showed [Ks Qh] and lost with King-High
Seat 8: Hero (small blind) folded before Flop


Poker Hand #TM3560875661: Tournament #157102926, Bounty Hunters Big One $1.08 Hold'em No Limit - Level4(100/200) - 2024/08/08 18:08:51
Table '101' 8-max Seat #6 is the button
Seat 1: 747b58d3 (20,745 in chips)
Seat 2: 3367c1b9 (6,151 in chips)
Seat 3: 6d606992 (27,209 in chips)
Seat 4: 187f8b80 (9,184 in chips)
Seat 5: 69cb2573 (8,434 in chips)
Seat 6: ac9f52f0 (9,670 in chips)
Seat 7: a5e896a5 (9,528 in chips)
Seat 8: Hero (14,510 in chips)
a5e896a5: posts the ante 30
6d606992: posts the ante 30
3367c1b9: posts the ante 30
187f8b80: posts the ante 30
747b58d3: posts the ante 30
ac9f52f0: posts the ante 30
69cb2573: posts the ante 30
Hero: posts the ante 30
a5e896a5: posts small blind 100
Hero: posts big blind 200
*** HOLE CARDS ***
Dealt to 747b58d3 
Dealt to 3367c1b9 
Dealt to 6d606992 
Dealt to 187f8b80 
Dealt to 69cb2573 
Dealt to ac9f52f0 
Dealt to a5e896a5 
Dealt to Hero [Kc 6d]
747b58d3: raises 200 to 400
3367c1b9: folds
6d606992: folds
187f8b80: folds
69cb2573: folds
ac9f52f0: folds
a5e896a5: calls 300
Hero: folds
*** FLOP *** [Th 4s 9h]
a5e896a5: checks
747b58d3: checks
*** TURN *** [Th 4s 9h] [Js]
a5e896a5: checks
747b58d3: bets 600
a5e896a5: raises 806 to 1,406
747b58d3: calls 806
*** RIVER *** [Th 4s 9h Js] [8c]
a5e896a5: checks
747b58d3: checks
a5e896a5: shows [9s Ks] (Pair of Nines)
747b58d3: shows [Ac Jh] (Pair of Jacks)
*** SHOWDOWN ***
747b58d3 collected 4,052 from pot
*** SUMMARY ***
Total pot 4,052 | Rake 0 | Jackpot 0 | Bingo 0 | Fortune 0 | Tax 0
Board [Th 4s 9h Js 8c]
Seat 1: 747b58d3 showed [Ac Jh] and won (4,052) with Pair of Jacks
Seat 2: 3367c1b9 folded before Flop
Seat 3: 6d606992 folded before Flop
Seat 4: 187f8b80 folded before Flop
Seat 5: 69cb2573 folded before Flop
Seat 6: ac9f52f0 (button) folded before Flop
Seat 7: a5e896a5 (small blind) showed [9s Ks] and lost with Pair of Nines
Seat 8: Hero (big blind) folded before Flop


Poker Hand #TM3560875533: Tournament #157102926, Bounty Hunters Big One $1.08 Hold'em No Limit - Level3(80/160) - 2024/08/08 18:06:41
Table '101' 8-max Seat #5 is the button
Seat 1: 747b58d3 (21,496 in chips)
Seat 2: 3367c1b9 (6,175 in chips)
Seat 3: 6d606992 (15,452 in chips)
Seat 4: 187f8b80 (9,208 in chips)
Seat 5: 69cb2573 (8,458 in chips)
Seat 6: ac9f52f0 (9,774 in chips)
Seat 7: a5e896a5 (20,334 in chips)
Seat 8: Hero (14,534 in chips)
a5e896a5: posts the ante 24
6d606992: posts the ante 24
3367c1b9: posts the ante 24
187f8b80: posts the ante 24
747b58d3: posts the ante 24
69cb2573: posts the ante 24
ac9f52f0: posts the ante 24
Hero: posts the ante 24
ac9f52f0: posts small blind 80
a5e896a5: posts big blind 160
*** HOLE CARDS ***
Dealt to 747b58d3 
Dealt to 3367c1b9 
Dealt to 6d606992 
Dealt to 187f8b80 
Dealt to 69cb2573 
Dealt to ac9f52f0 
Dealt to a5e896a5 
Dealt to Hero [Kd 6h]
Hero: folds
747b58d3: raises 160 to 320
3367c1b9: folds
6d606992: calls 320
187f8b80: folds
69cb2573: folds
ac9f52f0: folds
a5e896a5: calls 160
*** FLOP *** [Ad Ts 3d]
a5e896a5: bets 407
747b58d3: calls 407
6d606992: calls 407
*** TURN *** [Ad Ts 3d] [2s]
a5e896a5: checks
747b58d3: checks
6d606992: bets 1,742
a5e896a5: calls 1,742
747b58d3: folds
*** RIVER *** [Ad Ts 3d 2s] [7s]
a5e896a5: bets 2,969
6d606992: raises 5,344 to 8,313
a5e896a5: calls 5,344
6d606992: shows [5s As] (Ace High Flush)
a5e896a5: shows [7c Ac] (Pair of Aces and Pair of Sevens)
*** SHOWDOWN ***
6d606992 collected 22,563 from pot
*** SUMMARY ***
Total pot 22,563 | Rake 0 | Jackpot 0 | Bingo 0 | Fortune 0 | Tax 0
Board [Ad Ts 3d 2s 7s]
Seat 1: 747b58d3 folded on the Turn
Seat 2: 3367c1b9 folded before Flop
Seat 3: 6d606992 showed [5s As] and won (22,563) with Ace High Flush
Seat 4: 187f8b80 folded before Flop
Seat 5: 69cb2573 (button) folded before Flop
Seat 6: ac9f52f0 (small blind) folded before Flop
Seat 7: a5e896a5 (big blind) showed [7c Ac] and lost with Pair of Aces and Pair of Sevens
Seat 8: Hero folded before Flop


Poker Hand #TM3560875460: Tournament #157102926, Bounty Hunters Big One $1.08 Hold'em No Limit - Level3(80/160) - 2024/08/08 18:05:28
Table '101' 8-max Seat #4 is the button
Seat 1: 747b58d3 (21,520 in chips)
Seat 2: 3367c1b9 (6,199 in chips)
Seat 3: 6d606992 (15,476 in chips)
Seat 4: 187f8b80 (9,552 in chips)
Seat 5: 69cb2573 (8,562 in chips)
Seat 6: ac9f52f0 (9,206 in chips)
Seat 7: a5e896a5 (20,358 in chips)
Seat 8: Hero (14,558 in chips)
a5e896a5: posts the ante 24
6d606992: posts the ante 24
3367c1b9: posts the ante 24
187f8b80: posts the ante 24
747b58d3: posts the ante 24
ac9f52f0: posts the ante 24
69cb2573: posts the ante 24
Hero: posts the ante 24
69cb2573: posts small blind 80
ac9f52f0: posts big blind 160
*** HOLE CARDS ***
Dealt to 747b58d3 
Dealt to 3367c1b9 
Dealt to 6d606992 
Dealt to 187f8b80 
Dealt to 69cb2573 
Dealt to ac9f52f0 
Dealt to a5e896a5 
Dealt to Hero [Jh 7d]
a5e896a5: folds
Hero: folds
747b58d3: folds
3367c1b9: folds
6d606992: folds
187f8b80: raises 160 to 320
69cb2573: folds
ac9f52f0: calls 160
*** FLOP *** [6c 3d 4s]
ac9f52f0: checks
187f8b80: checks
*** TURN *** [6c 3d 4s] [4d]
ac9f52f0: bets 240
187f8b80: folds
Uncalled bet (240) returned to ac9f52f0
*** SHOWDOWN ***
ac9f52f0 collected 912 from pot
*** SUMMARY ***
Total pot 912 | Rake 0 | Jackpot 0 | Bingo 0 | Fortune 0 | Tax 0
Board [6c 3d 4s 4d]
Seat 1: 747b58d3 folded before Flop
Seat 2: 3367c1b9 folded before Flop
Seat 3: 6d606992 folded before Flop
Seat 4: 187f8b80 (button) folded on the Turn
Seat 5: 69cb2573 (small blind) folded before Flop
Seat 6: ac9f52f0 (big blind) won (912)
Seat 7: a5e896a5 folded before Flop
Seat 8: Hero folded before Flop


Poker Hand #TM3560875360: Tournament #157102926, Bounty Hunters Big One $1.08 Hold'em No Limit - Level3(80/160) - 2024/08/08 18:03:39
Table '101' 8-max Seat #3 is the button
Seat 1: 747b58d3 (21,544 in chips)
Seat 2: 3367c1b9 (6,223 in chips)
Seat 3: 6d606992 (18,363 in chips)
Seat 4: 187f8b80 (9,656 in chips)
Seat 5: 69cb2573 (8,746 in chips)
Seat 6: ac9f52f0 (9,230 in chips)
Seat 7: a5e896a5 (20,782 in chips)
Seat 8: Hero (10,887 in chips)
a5e896a5: posts the ante 24
6d606992: posts the ante 24
3367c1b9: posts the ante 24
747b58d3: posts the ante 24
187f8b80: posts the ante 24
ac9f52f0: posts the ante 24
69cb2573: posts the ante 24
Hero: posts the ante 24
187f8b80: posts small blind 80
69cb2573: posts big blind 160
*** HOLE CARDS ***
Dealt to 747b58d3 
Dealt to 3367c1b9 
Dealt to 6d606992 
Dealt to 187f8b80 
Dealt to 69cb2573 
Dealt to ac9f52f0 
Dealt to a5e896a5 
Dealt to Hero [3h 4h]
ac9f52f0: folds
a5e896a5: raises 240 to 400
Hero: calls 400
747b58d3: folds
3367c1b9: folds
6d606992: calls 400
187f8b80: folds
69cb2573: folds
*** FLOP *** [3s 7h 3c]
a5e896a5: checks
Hero: checks
6d606992: bets 1,159
a5e896a5: folds
Hero: calls 1,159
*** TURN *** [3s 7h 3c] [Ad]
Hero: bets 1,304
6d606992: calls 1,304
*** RIVER *** [3s 7h 3c Ad] [2h]
Hero: bets 3,279
6d606992: folds
Uncalled bet (3,279) returned to Hero
*** SHOWDOWN ***
Hero collected 6,558 from pot
*** SUMMARY ***
Total pot 6,558 | Rake 0 | Jackpot 0 | Bingo 0 | Fortune 0 | Tax 0
Board [3s 7h 3c Ad 2h]
Seat 1: 747b58d3 folded before Flop
Seat 2: 3367c1b9 folded before Flop
Seat 3: 6d606992 (button) folded on the River
Seat 4: 187f8b80 (small blind) folded before Flop
Seat 5: 69cb2573 (big blind) folded before Flop
Seat 6: ac9f52f0 folded before Flop
Seat 7: a5e896a5 folded on the Flop
Seat 8: Hero won (6,558)


Poker Hand #TM3560875267: Tournament #157102926, Bounty Hunters Big One $1.08 Hold'em No Limit - Level3(80/160) - 2024/08/08 18:02:18
Table '101' 8-max Seat #2 is the button
Seat 1: 747b58d3 (21,568 in chips)
Seat 2: 3367c1b9 (6,247 in chips)
Seat 3: 6d606992 (17,875 in chips)
Seat 4: 187f8b80 (10,000 in chips)
Seat 5: 69cb2573 (8,770 in chips)
Seat 6: ac9f52f0 (9,254 in chips)
Seat 7: a5e896a5 (20,806 in chips)
Seat 8: Hero (10,911 in chips)
a5e896a5: posts the ante 24
3367c1b9: posts the ante 24
6d606992: posts the ante 24
747b58d3: posts the ante 24
187f8b80: posts the ante 24
ac9f52f0: posts the ante 24
69cb2573: posts the ante 24
Hero: posts the ante 24
6d606992: posts small blind 80
187f8b80: posts big blind 160
*** HOLE CARDS ***
Dealt to 747b58d3 
Dealt to 3367c1b9 
Dealt to 6d606992 
Dealt to 187f8b80 
Dealt to 69cb2573 
Dealt to ac9f52f0 
Dealt to a5e896a5 
Dealt to Hero [7s 9d]
69cb2573: folds
ac9f52f0: folds
a5e896a5: folds
Hero: folds
747b58d3: folds
3367c1b9: folds
6d606992: raises 160 to 320
187f8b80: calls 160
*** FLOP *** [8c Ah Ac]
6d606992: bets 275
187f8b80: folds
Uncalled bet (275) returned to 6d606992
*** SHOWDOWN ***
6d606992 collected 832 from pot
*** SUMMARY ***
Total pot 832 | Rake 0 | Jackpot 0 | Bingo 0 | Fortune 0 | Tax 0
Board [8c Ah Ac]
Seat 1: 747b58d3 folded before Flop
Seat 2: 3367c1b9 (button) folded before Flop
Seat 3: 6d606992 (small blind) won (832)
Seat 4: 187f8b80 (big blind) folded on the Flop
Seat 5: 69cb2573 folded before Flop
Seat 6: ac9f52f0 folded before Flop
Seat 7: a5e896a5 folded before Flop
Seat 8: Hero folded before Flop


Poker Hand #TM3560875165: Tournament #157102926, Bounty Hunters Big One $1.08 Hold'em No Limit - Level3(80/160) - 2024/08/08 17:53:43
Table '101' 8-max Seat #1 is the button
Seat 1: 747b58d3 (21,592 in chips)
Seat 2: 3367c1b9 (6,351 in chips)
Seat 3: 6d606992 (18,927 in chips)
Seat 4: 35e14626 (8,838 in chips)
Seat 5: 69cb2573 (8,794 in chips)
Seat 6: ac9f52f0 (9,278 in chips)
Seat 7: a5e896a5 (10,716 in chips)
Seat 8: Hero (10,935 in chips)
a5e896a5: posts the ante 24
6d606992: posts the ante 24
3367c1b9: posts the ante 24
747b58d3: posts the ante 24
ac9f52f0: posts the ante 24
69cb2573: posts the ante 24
35e14626: posts the ante 24
Hero: posts the ante 24
3367c1b9: posts small blind 80
6d606992: posts big blind 160
*** HOLE CARDS ***
Dealt to 747b58d3 
Dealt to 3367c1b9 
Dealt to 6d606992 
Dealt to 35e14626 
Dealt to 69cb2573 
Dealt to ac9f52f0 
Dealt to a5e896a5 
Dealt to Hero [Ad 8h]
35e14626: raises 160 to 320
69cb2573: folds
ac9f52f0: folds
a5e896a5: raises 708 to 1,028
Hero: folds
747b58d3: folds
3367c1b9: folds
6d606992: calls 868
35e14626: raises 7,786 to 8,814 and is all-in
a5e896a5: raises 1,878 to 10,692 and is all-in
6d606992: folds
Uncalled bet (1,878) returned to a5e896a5
a5e896a5: shows [Qc Qh]
35e14626: shows [3h 3s]
*** FLOP *** [5h 9d 7c]
*** TURN *** [5h 9d 7c] [5c]
*** RIVER *** [5h 9d 7c 5c] [6c]
6d606992: shows [9h 9s] (Nines Full over Fives)
*** SHOWDOWN ***
a5e896a5 collected 18,928 from pot
*** SUMMARY ***
Total pot 18,928 | Rake 0 | Jackpot 0 | Bingo 0 | Fortune 0 | Tax 0
Board [5h 9d 7c 5c 6c]
Seat 1: 747b58d3 (button) folded before Flop
Seat 2: 3367c1b9 (small blind) folded before Flop
Seat 3: 6d606992 (big blind) folded before Flop
Seat 4: 35e14626 showed [3h 3s] and lost with Pair of Fives and Pair of Treys
Seat 5: 69cb2573 folded before Flop
Seat 6: ac9f52f0 folded before Flop
Seat 7: a5e896a5 showed [Qc Qh] and won (18,928) with Pair of Queens and Pair of Fives
Seat 8: Hero folded before Flop


Poker Hand #TM3560875141: Tournament #157102926, Bounty Hunters Big One $1.08 Hold'em No Limit - Level3(80/160) - 2024/08/08 17:53:15
Table '101' 8-max Seat #8 is the button
Seat 1: 747b58d3 (21,696 in chips)
Seat 2: 3367c1b9 (6,535 in chips)
Seat 3: 6d606992 (18,519 in chips)
Seat 4: 35e14626 (8,862 in chips)
Seat 5: 69cb2573 (8,818 in chips)
Seat 6: ac9f52f0 (9,302 in chips)
Seat 7: a5e896a5 (10,740 in chips)
Seat 8: Hero (10,959 in chips)
a5e896a5: posts the ante 24
6d606992: posts the ante 24
3367c1b9: posts the ante 24
747b58d3: posts the ante 24
ac9f52f0: posts the ante 24
69cb2573: posts the ante 24
35e14626: posts the ante 24
Hero: posts the ante 24
747b58d3: posts small blind 80
3367c1b9: posts big blind 160
*** HOLE CARDS ***
Dealt to 747b58d3 
Dealt to 3367c1b9 
Dealt to 6d606992 
Dealt to 35e14626 
Dealt to 69cb2573 
Dealt to ac9f52f0 
Dealt to a5e896a5 
Dealt to Hero [8s 2h]
6d606992: raises 192 to 352
35e14626: folds
69cb2573: folds
ac9f52f0: folds
a5e896a5: folds
Hero: folds
747b58d3: folds
3367c1b9: folds
Uncalled bet (192) returned to 6d606992
*** SHOWDOWN ***
6d606992 collected 592 from pot
*** SUMMARY ***
Total pot 592 | Rake 0 | Jackpot 0 | Bingo 0 | Fortune 0 | Tax 0
Seat 1: 747b58d3 (small blind) folded before Flop
Seat 2: 3367c1b9 (big blind) folded before Flop
Seat 3: 6d606992 collected (592)
Seat 4: 35e14626 folded before Flop
Seat 5: 69cb2573 folded before Flop
Seat 6: ac9f52f0 folded before Flop
Seat 7: a5e896a5 folded before Flop
Seat 8: Hero (button) folded before Flop


Poker Hand #TM3560875095: Tournament #157102926, Bounty Hunters Big One $1.08 Hold'em No Limit - Level3(80/160) - 2024/08/08 17:52:20
Table '101' 8-max Seat #7 is the button
Seat 1: 747b58d3 (21,880 in chips)
Seat 2: 3367c1b9 (6,559 in chips)
Seat 3: 6d606992 (18,543 in chips)
Seat 4: 35e14626 (8,886 in chips)
Seat 5: 69cb2573 (8,842 in chips)
Seat 6: ac9f52f0 (10,000 in chips)
Seat 7: a5e896a5 (9,658 in chips)
Seat 8: Hero (11,063 in chips)
a5e896a5: posts the ante 24
6d606992: posts the ante 24
3367c1b9: posts the ante 24
747b58d3: posts the ante 24
ac9f52f0: posts the ante 24
69cb2573: posts the ante 24
35e14626: posts the ante 24
Hero: posts the ante 24
Hero: posts small blind 80
747b58d3: posts big blind 160
*** HOLE CARDS ***
Dealt to 747b58d3 
Dealt to 3367c1b9 
Dealt to 6d606992 
Dealt to 35e14626 
Dealt to 69cb2573 
Dealt to ac9f52f0 
Dealt to a5e896a5 
Dealt to Hero [Ac 2s]
3367c1b9: folds
6d606992: folds
35e14626: folds
69cb2573: folds
ac9f52f0: raises 160 to 320
a5e896a5: raises 354 to 674
Hero: folds
747b58d3: folds
ac9f52f0: calls 354
*** FLOP *** [Jh As Kh]
ac9f52f0: checks
a5e896a5: bets 588
ac9f52f0: folds
Uncalled bet (588) returned to a5e896a5
*** SHOWDOWN ***
a5e896a5 collected 1,780 from pot
*** SUMMARY ***
Total pot 1,780 | Rake 0 | Jackpot 0 | Bingo 0 | Fortune 0 | Tax 0
Board [Jh As Kh]
Seat 1: 747b58d3 (big blind) folded before Flop
Seat 2: 3367c1b9 folded before Flop
Seat 3: 6d606992 folded before Flop
Seat 4: 35e14626 folded before Flop
Seat 5: 69cb2573 folded before Flop
Seat 6: ac9f52f0 folded on the Flop
Seat 7: a5e896a5 (button) won (1,780)
Seat 8: Hero (small blind) folded before Flop


Poker Hand #TM3560875065: Tournament #157102926, Bounty Hunters Big One $1.08 Hold'em No Limit - Level3(80/160) - 2024/08/08 17:51:44
Table '101' 8-max Seat #5 is the button
Seat 1: 747b58d3 (21,496 in chips)
Seat 2: 3367c1b9 (6,583 in chips)
Seat 3: 6d606992 (18,567 in chips)
Seat 4: 35e14626 (8,910 in chips)
Seat 5: 69cb2573 (8,866 in chips)
Seat 7: a5e896a5 (9,762 in chips)
Seat 8: Hero (11,247 in chips)
a5e896a5: posts the ante 24
6d606992: posts the ante 24
3367c1b9: posts the ante 24
747b58d3: posts the ante 24
69cb2573: posts the ante 24
35e14626: posts the ante 24
Hero: posts the ante 24
a5e896a5: posts small blind 80
Hero: posts big blind 160
*** HOLE CARDS ***
Dealt to 747b58d3 
Dealt to 3367c1b9 
Dealt to 6d606992 
Dealt to 35e14626 
Dealt to 69cb2573 
Dealt to a5e896a5 
Dealt to Hero [3c 8h]
747b58d3: raises 160 to 320
3367c1b9: folds
6d606992: folds
35e14626: folds
69cb2573: folds
a5e896a5: folds
Hero: folds
Uncalled bet (160) returned to 747b58d3
*** SHOWDOWN ***
747b58d3 collected 568 from pot
*** SUMMARY ***
Total pot 568 | Rake 0 | Jackpot 0 | Bingo 0 | Fortune 0 | Tax 0
Seat 1: 747b58d3 collected (568)
Seat 2: 3367c1b9 folded before Flop
Seat 3: 6d606992 folded before Flop
Seat 4: 35e14626 folded before Flop
Seat 5: 69cb2573 (button) folded before Flop
Seat 7: a5e896a5 (small blind) folded before Flop
Seat 8: Hero (big blind) folded before Flop


Poker Hand #TM3560875024: Tournament #157102926, Bounty Hunters Big One $1.08 Hold'em No Limit - Level3(80/160) - 2024/08/08 17:50:49
Table '101' 8-max Seat #4 is the button
Seat 1: 747b58d3 (21,520 in chips)
Seat 2: 3367c1b9 (6,607 in chips)
Seat 3: 6d606992 (19,471 in chips)
Seat 4: 35e14626 (9,814 in chips)
Seat 5: 69cb2573 (8,970 in chips)
Seat 7: a5e896a5 (9,946 in chips)
Seat 8: Hero (9,103 in chips)
a5e896a5: posts the ante 24
6d606992: posts the ante 24
3367c1b9: posts the ante 24
747b58d3: posts the ante 24
69cb2573: posts the ante 24
35e14626: posts the ante 24
Hero: posts the ante 24
69cb2573: posts small blind 80
a5e896a5: posts big blind 160
*** HOLE CARDS ***
Dealt to 747b58d3 
Dealt to 3367c1b9 
Dealt to 6d606992 
Dealt to 35e14626 
Dealt to 69cb2573 
Dealt to a5e896a5 
Dealt to Hero [Ah Qs]
Hero: calls 160
747b58d3: folds
3367c1b9: folds
6d606992: calls 160
35e14626: raises 720 to 880
69cb2573: folds
a5e896a5: folds
Hero: calls 720
6d606992: calls 720
*** FLOP *** [4c 3c 5h]
Hero: bets 1,524
6d606992: folds
35e14626: folds
Uncalled bet (1,524) returned to Hero
*** SHOWDOWN ***
Hero collected 3,048 from pot
*** SUMMARY ***
Total pot 3,048 | Rake 0 | Jackpot 0 | Bingo 0 | Fortune 0 | Tax 0
Board [4c 3c 5h]
Seat 1: 747b58d3 folded before Flop
Seat 2: 3367c1b9 folded before Flop
Seat 3: 6d606992 folded on the Flop
Seat 4: 35e14626 (button) folded on the Flop
Seat 5: 69cb2573 (small blind) folded before Flop
Seat 7: a5e896a5 (big blind) folded before Flop
Seat 8: Hero won (3,048)


Poker Hand #TM3560874882: Tournament #157102926, Bounty Hunters Big One $1.08 Hold'em No Limit - Level2(60/120) - 2024/08/08 17:48:15
Table '101' 8-max Seat #3 is the button
Seat 1: 747b58d3 (21,538 in chips)
Seat 2: 3367c1b9 (9,970 in chips)
Seat 3: 6d606992 (15,820 in chips)
Seat 4: 35e14626 (9,892 in chips)
Seat 5: 69cb2573 (9,108 in chips)
Seat 6: 5ffcf649 (14,872 in chips)
Seat 7: a5e896a5 (9,964 in chips)
Seat 8: Hero (9,121 in chips)
a5e896a5: posts the ante 18
6d606992: posts the ante 18
3367c1b9: posts the ante 18
747b58d3: posts the ante 18
5ffcf649: posts the ante 18
69cb2573: posts the ante 18
35e14626: posts the ante 18
Hero: posts the ante 18
35e14626: posts small blind 60
69cb2573: posts big blind 120
*** HOLE CARDS ***
Dealt to 747b58d3 
Dealt to 3367c1b9 
Dealt to 6d606992 
Dealt to 35e14626 
Dealt to 69cb2573 
Dealt to 5ffcf649 
Dealt to a5e896a5 
Dealt to Hero [Kc 9h]
5ffcf649: folds
a5e896a5: folds
Hero: folds
747b58d3: folds
3367c1b9: raises 120 to 240
6d606992: calls 240
35e14626: folds
69cb2573: folds
*** FLOP *** [8d 3d 6s]
3367c1b9: bets 522
6d606992: calls 522
*** TURN *** [8d 3d 6s] [2h]
3367c1b9: bets 1,044
6d606992: calls 1,044
*** RIVER *** [8d 3d 6s 2h] [2d]
3367c1b9: bets 1,539
6d606992: raises 12,457 to 13,996 and is all-in
3367c1b9: folds
Uncalled bet (12,457) returned to 6d606992
*** SHOWDOWN ***
6d606992 collected 7,014 from pot
*** SUMMARY ***
Total pot 7,014 | Rake 0 | Jackpot 0 | Bingo 0 | Fortune 0 | Tax 0
Board [8d 3d 6s 2h 2d]
Seat 1: 747b58d3 folded before Flop
Seat 2: 3367c1b9 folded on the River
Seat 3: 6d606992 (button) won (7,014)
Seat 4: 35e14626 (small blind) folded before Flop
Seat 5: 69cb2573 (big blind) folded before Flop
Seat 6: 5ffcf649 folded before Flop
Seat 7: a5e896a5 folded before Flop
Seat 8: Hero folded before Flop


Poker Hand #TM3560874846: Tournament #157102926, Bounty Hunters Big One $1.08 Hold'em No Limit - Level2(60/120) - 2024/08/08 17:47:33
Table '101' 8-max Seat #2 is the button
Seat 1: 747b58d3 (21,556 in chips)
Seat 2: 3367c1b9 (9,988 in chips)
Seat 3: 6d606992 (15,898 in chips)
Seat 4: 35e14626 (9,466 in chips)
Seat 5: 69cb2573 (9,126 in chips)
Seat 6: 5ffcf649 (14,890 in chips)
Seat 7: a5e896a5 (9,982 in chips)
Seat 8: Hero (9,379 in chips)
a5e896a5: posts the ante 18
3367c1b9: posts the ante 18
6d606992: posts the ante 18
747b58d3: posts the ante 18
5ffcf649: posts the ante 18
69cb2573: posts the ante 18
35e14626: posts the ante 18
Hero: posts the ante 18
6d606992: posts small blind 60
35e14626: posts big blind 120
*** HOLE CARDS ***
Dealt to 747b58d3 
Dealt to 3367c1b9 
Dealt to 6d606992 
Dealt to 35e14626 
Dealt to 69cb2573 
Dealt to 5ffcf649 
Dealt to a5e896a5 
Dealt to Hero [9s Td]
69cb2573: folds
5ffcf649: folds
a5e896a5: folds
Hero: raises 120 to 240
747b58d3: folds
3367c1b9: folds
6d606992: folds
35e14626: calls 120
*** FLOP *** [Ac Jd 4d]
35e14626: checks
Hero: checks
*** TURN *** [Ac Jd 4d] [Jc]
35e14626: bets 226
Hero: folds
Uncalled bet (226) returned to 35e14626
*** SHOWDOWN ***
35e14626 collected 684 from pot
*** SUMMARY ***
Total pot 684 | Rake 0 | Jackpot 0 | Bingo 0 | Fortune 0 | Tax 0
Board [Ac Jd 4d Jc]
Seat 1: 747b58d3 folded before Flop
Seat 2: 3367c1b9 (button) folded before Flop
Seat 3: 6d606992 (small blind) folded before Flop
Seat 4: 35e14626 (big blind) won (684)
Seat 5: 69cb2573 folded before Flop
Seat 6: 5ffcf649 folded before Flop
Seat 7: a5e896a5 folded before Flop
Seat 8: Hero folded on the Turn


Poker Hand #TM3560874773: Tournament #157102926, Bounty Hunters Big One $1.08 Hold'em No Limit - Level2(60/120) - 2024/08/08 17:46:13
Table '101' 8-max Seat #1 is the button
Seat 1: 747b58d3 (21,574 in chips)
Seat 2: 3367c1b9 (9,550 in chips)
Seat 3: 6d606992 (16,228 in chips)
Seat 4: 35e14626 (9,484 in chips)
Seat 5: 69cb2573 (9,144 in chips)
Seat 6: 5ffcf649 (14,908 in chips)
Seat 7: a5e896a5 (10,000 in chips)
Seat 8: Hero (9,397 in chips)
a5e896a5: posts the ante 18
6d606992: posts the ante 18
3367c1b9: posts the ante 18
747b58d3: posts the ante 18
5ffcf649: posts the ante 18
69cb2573: posts the ante 18
35e14626: posts the ante 18
Hero: posts the ante 18
3367c1b9: posts small blind 60
6d606992: posts big blind 120
*** HOLE CARDS ***
Dealt to 747b58d3 
Dealt to 3367c1b9 
Dealt to 6d606992 
Dealt to 35e14626 
Dealt to 69cb2573 
Dealt to 5ffcf649 
Dealt to a5e896a5 
Dealt to Hero [2h 7d]
35e14626: folds
69cb2573: folds
5ffcf649: folds
a5e896a5: folds
Hero: folds
747b58d3: folds
3367c1b9: calls 60
6d606992: checks
*** FLOP *** [Td 9d 4h]
3367c1b9: bets 192
6d606992: calls 192
*** TURN *** [Td 9d 4h] [5s]
3367c1b9: bets 384
6d606992: folds
Uncalled bet (384) returned to 3367c1b9
*** SHOWDOWN ***
3367c1b9 collected 768 from pot
*** SUMMARY ***
Total pot 768 | Rake 0 | Jackpot 0 | Bingo 0 | Fortune 0 | Tax 0
Board [Td 9d 4h 5s]
Seat 1: 747b58d3 (button) folded before Flop
Seat 2: 3367c1b9 (small blind) won (768)
Seat 3: 6d606992 (big blind) folded on the Turn
Seat 4: 35e14626 folded before Flop
Seat 5: 69cb2573 folded before Flop
Seat 6: 5ffcf649 folded before Flop
Seat 7: a5e896a5 folded before Flop
Seat 8: Hero folded before Flop


Poker Hand #TM3560874720: Tournament #157102926, Bounty Hunters Big One $1.08 Hold'em No Limit - Level2(60/120) - 2024/08/08 17:45:16
Table '101' 8-max Seat #8 is the button
Seat 1: 747b58d3 (21,952 in chips)
Seat 2: 3367c1b9 (9,688 in chips)
Seat 3: 6d606992 (16,246 in chips)
Seat 4: 35e14626 (9,502 in chips)
Seat 5: 69cb2573 (9,162 in chips)
Seat 6: 5ffcf649 (14,926 in chips)
Seat 8: Hero (8,809 in chips)
6d606992: posts the ante 18
3367c1b9: posts the ante 18
5ffcf649: posts the ante 18
747b58d3: posts the ante 18
69cb2573: posts the ante 18
35e14626: posts the ante 18
Hero: posts the ante 18
747b58d3: posts small blind 60
3367c1b9: posts big blind 120
*** HOLE CARDS ***
Dealt to 747b58d3 
Dealt to 3367c1b9 
Dealt to 6d606992 
Dealt to 35e14626 
Dealt to 69cb2573 
Dealt to 5ffcf649 
Dealt to Hero [Ac Td]
6d606992: folds
35e14626: folds
69cb2573: folds
5ffcf649: folds
Hero: raises 240 to 360
747b58d3: calls 300
3367c1b9: folds
*** FLOP *** [4d 5h Tc]
747b58d3: checks
Hero: bets 725
747b58d3: folds
Uncalled bet (725) returned to Hero
*** SHOWDOWN ***
Hero collected 966 from pot
*** SUMMARY ***
Total pot 966 | Rake 0 | Jackpot 0 | Bingo 0 | Fortune 0 | Tax 0
Board [4d 5h Tc]
Seat 1: 747b58d3 (small blind) folded on the Flop
Seat 2: 3367c1b9 (big blind) folded before Flop
Seat 3: 6d606992 folded before Flop
Seat 4: 35e14626 folded before Flop
Seat 5: 69cb2573 folded before Flop
Seat 6: 5ffcf649 folded before Flop
Seat 8: Hero (button) won (966)


Poker Hand #TM3560874674: Tournament #157102926, Bounty Hunters Big One $1.08 Hold'em No Limit - Level2(60/120) - 2024/08/08 17:44:26
Table '101' 8-max Seat #7 is the button
Seat 1: 747b58d3 (22,090 in chips)
Seat 2: 3367c1b9 (9,706 in chips)
Seat 3: 6d606992 (8,286 in chips)
Seat 4: 35e14626 (9,520 in chips)
Seat 5: 69cb2573 (9,180 in chips)
Seat 6: 5ffcf649 (14,944 in chips)
Seat 7: 94943d18 (7,468 in chips)
Seat 8: Hero (9,091 in chips)
6d606992: posts the ante 18
3367c1b9: posts the ante 18
5ffcf649: posts the ante 18
747b58d3: posts the ante 18
94943d18: posts the ante 18
69cb2573: posts the ante 18
35e14626: posts the ante 18
Hero: posts the ante 18
Hero: posts small blind 60
747b58d3: posts big blind 120
*** HOLE CARDS ***
Dealt to 747b58d3 
Dealt to 3367c1b9 
Dealt to 6d606992 
Dealt to 35e14626 
Dealt to 69cb2573 
Dealt to 5ffcf649 
Dealt to 94943d18 
Dealt to Hero [9s 8d]
3367c1b9: folds
6d606992: raises 144 to 264
35e14626: folds
69cb2573: folds
5ffcf649: folds
94943d18: calls 264
Hero: calls 204
747b58d3: folds
*** FLOP *** [2s As 6s]
Hero: checks
6d606992: bets 476
94943d18: raises 2,008 to 2,484
Hero: folds
6d606992: raises 5,520 to 8,004 and is all-in
94943d18: calls 4,702 and is all-in
Uncalled bet (818) returned to 6d606992
6d606992: shows [Ah Kd] (Pair of Aces)
94943d18: shows [5h Ac] (Pair of Aces)
*** TURN *** [2s As 6s] [Jh]
*** RIVER *** [2s As 6s Jh] [Ks]
*** SHOWDOWN ***
6d606992 collected 15,428 from pot
*** SUMMARY ***
Total pot 15,428 | Rake 0 | Jackpot 0 | Bingo 0 | Fortune 0 | Tax 0
Board [2s As 6s Jh Ks]
Seat 1: 747b58d3 (big blind) folded before Flop
Seat 2: 3367c1b9 folded before Flop
Seat 3: 6d606992 showed [Ah Kd] and won (15,428) with Pair of Aces and Pair of Kings
Seat 4: 35e14626 folded before Flop
Seat 5: 69cb2573 folded before Flop
Seat 6: 5ffcf649 folded before Flop
Seat 7: 94943d18 (button) showed [5h Ac] and lost with Pair of Aces
Seat 8: Hero (small blind) folded on the Flop


Poker Hand #TM3560874614: Tournament #157102926, Bounty Hunters Big One $1.08 Hold'em No Limit - Level2(60/120) - 2024/08/08 17:43:14
Table '101' 8-max Seat #6 is the button
Seat 1: 747b58d3 (22,108 in chips)
Seat 2: 3367c1b9 (9,724 in chips)
Seat 3: 6d606992 (11,875 in chips)
Seat 4: 35e14626 (9,538 in chips)
Seat 5: 69cb2573 (9,198 in chips)
Seat 6: 5ffcf649 (10,923 in chips)
Seat 7: 94943d18 (7,546 in chips)
Seat 8: Hero (9,373 in chips)
6d606992: posts the ante 18
3367c1b9: posts the ante 18
5ffcf649: posts the ante 18
747b58d3: posts the ante 18
94943d18: posts the ante 18
69cb2573: posts the ante 18
35e14626: posts the ante 18
Hero: posts the ante 18
94943d18: posts small blind 60
Hero: posts big blind 120
*** HOLE CARDS ***
Dealt to 747b58d3 
Dealt to 3367c1b9 
Dealt to 6d606992 
Dealt to 35e14626 
Dealt to 69cb2573 
Dealt to 5ffcf649 
Dealt to 94943d18 
Dealt to Hero [3h Jh]
747b58d3: folds
3367c1b9: folds
6d606992: raises 144 to 264
35e14626: folds
69cb2573: folds
5ffcf649: calls 264
94943d18: folds
Hero: calls 144
*** FLOP *** [Kc Ac 9d]
Hero: checks
6d606992: bets 449
5ffcf649: calls 449
Hero: folds
*** TURN *** [Kc Ac 9d] [Ah]
6d606992: bets 1,345
5ffcf649: calls 1,345
*** RIVER *** [Kc Ac 9d Ah] [Kd]
6d606992: bets 1,513
5ffcf649: raises 7,334 to 8,847 and is all-in
6d606992: folds
Uncalled bet (7,334) returned to 5ffcf649
5ffcf649: shows [Qh Ad] (Aces Full over Kings)
*** SHOWDOWN ***
5ffcf649 collected 7,610 from pot
*** SUMMARY ***
Total pot 7,610 | Rake 0 | Jackpot 0 | Bingo 0 | Fortune 0 | Tax 0
Board [Kc Ac 9d Ah Kd]
Seat 1: 747b58d3 folded before Flop
Seat 2: 3367c1b9 folded before Flop
Seat 3: 6d606992 folded on the River
Seat 4: 35e14626 folded before Flop
Seat 5: 69cb2573 folded before Flop
Seat 6: 5ffcf649 (button) showed [Qh Ad] and won (7,610)
Seat 7: 94943d18 (small blind) folded before Flop
Seat 8: Hero (big blind) folded on the Flop


Poker Hand #TM3560874580: Tournament #157102926, Bounty Hunters Big One $1.08 Hold'em No Limit - Level2(60/120) - 2024/08/08 17:42:30
Table '101' 8-max Seat #5 is the button
Seat 1: 747b58d3 (22,126 in chips)
Seat 2: 3367c1b9 (9,742 in chips)
Seat 3: 6d606992 (11,893 in chips)
Seat 4: 35e14626 (9,556 in chips)
Seat 5: 69cb2573 (9,216 in chips)
Seat 6: 5ffcf649 (11,001 in chips)
Seat 7: 94943d18 (6,880 in chips)
Seat 8: Hero (9,871 in chips)
6d606992: posts the ante 18
3367c1b9: posts the ante 18
747b58d3: posts the ante 18
5ffcf649: posts the ante 18
94943d18: posts the ante 18
69cb2573: posts the ante 18
35e14626: posts the ante 18
Hero: posts the ante 18
5ffcf649: posts small blind 60
94943d18: posts big blind 120
*** HOLE CARDS ***
Dealt to 747b58d3 
Dealt to 3367c1b9 
Dealt to 6d606992 
Dealt to 35e14626 
Dealt to 69cb2573 
Dealt to 5ffcf649 
Dealt to 94943d18 
Dealt to Hero [5d 5c]
Hero: raises 120 to 240
747b58d3: folds
3367c1b9: folds
6d606992: folds
35e14626: folds
69cb2573: folds
5ffcf649: folds
94943d18: calls 120
*** FLOP *** [Qd 8c Jc]
94943d18: checks
Hero: checks
*** TURN *** [Qd 8c Jc] [8s]
94943d18: bets 240
Hero: calls 240
*** RIVER *** [Qd 8c Jc 8s] [Kc]
94943d18: bets 480
Hero: folds
Uncalled bet (480) returned to 94943d18
*** SHOWDOWN ***
94943d18 collected 1,164 from pot
*** SUMMARY ***
Total pot 1,164 | Rake 0 | Jackpot 0 | Bingo 0 | Fortune 0 | Tax 0
Board [Qd 8c Jc 8s Kc]
Seat 1: 747b58d3 folded before Flop
Seat 2: 3367c1b9 folded before Flop
Seat 3: 6d606992 folded before Flop
Seat 4: 35e14626 folded before Flop
Seat 5: 69cb2573 (button) folded before Flop
Seat 6: 5ffcf649 (small blind) folded before Flop
Seat 7: 94943d18 (big blind) won (1,164)
Seat 8: Hero folded on the River


Poker Hand #TM3560874534: Tournament #157102926, Bounty Hunters Big One $1.08 Hold'em No Limit - Level2(60/120) - 2024/08/08 17:41:30
Table '101' 8-max Seat #4 is the button
Seat 1: 747b58d3 (22,144 in chips)
Seat 2: 3367c1b9 (10,000 in chips)
Seat 3: 6d606992 (12,567 in chips)
Seat 4: 35e14626 (9,574 in chips)
Seat 5: 69cb2573 (9,294 in chips)
Seat 6: 5ffcf649 (9,919 in chips)
Seat 7: 94943d18 (6,898 in chips)
Seat 8: Hero (9,889 in chips)
6d606992: posts the ante 18
3367c1b9: posts the ante 18
747b58d3: posts the ante 18
5ffcf649: posts the ante 18
94943d18: posts the ante 18
69cb2573: posts the ante 18
35e14626: posts the ante 18
Hero: posts the ante 18
69cb2573: posts small blind 60
5ffcf649: posts big blind 120
*** HOLE CARDS ***
Dealt to 747b58d3 
Dealt to 3367c1b9 
Dealt to 6d606992 
Dealt to 35e14626 
Dealt to 69cb2573 
Dealt to 5ffcf649 
Dealt to 94943d18 
Dealt to Hero [Qs 3d]
94943d18: folds
Hero: folds
747b58d3: folds
3367c1b9: raises 120 to 240
6d606992: calls 240
35e14626: folds
69cb2573: folds
5ffcf649: calls 120
*** FLOP *** [5c Td 7c]
5ffcf649: checks
3367c1b9: checks
6d606992: bets 416
5ffcf649: calls 416
3367c1b9: folds
*** TURN *** [5c Td 7c] [Js]
5ffcf649: bets 1,320
6d606992: folds
Uncalled bet (1,320) returned to 5ffcf649
*** SHOWDOWN ***
5ffcf649 collected 1,756 from pot
*** SUMMARY ***
Total pot 1,756 | Rake 0 | Jackpot 0 | Bingo 0 | Fortune 0 | Tax 0
Board [5c Td 7c Js]
Seat 1: 747b58d3 folded before Flop
Seat 2: 3367c1b9 folded on the Flop
Seat 3: 6d606992 folded on the Turn
Seat 4: 35e14626 (button) folded before Flop
Seat 5: 69cb2573 (small blind) folded before Flop
Seat 6: 5ffcf649 (big blind) won (1,756)
Seat 7: 94943d18 folded before Flop
Seat 8: Hero folded before Flop


Poker Hand #TM3560874513: Tournament #157102926, Bounty Hunters Big One $1.08 Hold'em No Limit - Level2(60/120) - 2024/08/08 17:41:06
Table '101' 8-max Seat #3 is the button
Seat 1: 747b58d3 (22,162 in chips)
Seat 3: 6d606992 (12,585 in chips)
Seat 4: 35e14626 (9,652 in chips)
Seat 5: 69cb2573 (9,432 in chips)
Seat 6: 5ffcf649 (9,937 in chips)
Seat 7: 94943d18 (6,610 in chips)
Seat 8: Hero (9,907 in chips)
6d606992: posts the ante 18
747b58d3: posts the ante 18
5ffcf649: posts the ante 18
94943d18: posts the ante 18
69cb2573: posts the ante 18
35e14626: posts the ante 18
Hero: posts the ante 18
35e14626: posts small blind 60
69cb2573: posts big blind 120
*** HOLE CARDS ***
Dealt to 747b58d3 
Dealt to 6d606992 
Dealt to 35e14626 
Dealt to 69cb2573 
Dealt to 5ffcf649 
Dealt to 94943d18 
Dealt to Hero [3c Kd]
5ffcf649: folds
94943d18: raises 360 to 480
Hero: folds
747b58d3: folds
6d606992: folds
35e14626: folds
69cb2573: folds
Uncalled bet (360) returned to 94943d18
*** SHOWDOWN ***
94943d18 collected 426 from pot
*** SUMMARY ***
Total pot 426 | Rake 0 | Jackpot 0 | Bingo 0 | Fortune 0 | Tax 0
Seat 1: 747b58d3 folded before Flop
Seat 3: 6d606992 (button) folded before Flop
Seat 4: 35e14626 (small blind) folded before Flop
Seat 5: 69cb2573 (big blind) folded before Flop
Seat 6: 5ffcf649 folded before Flop
Seat 7: 94943d18 collected (426)
Seat 8: Hero folded before Flop


Poker Hand #TM3560874482: Tournament #157102926, Bounty Hunters Big One $1.08 Hold'em No Limit - Level2(60/120) - 2024/08/08 17:40:29
Table '101' 8-max Seat #2 is the button
Seat 1: 747b58d3 (17,579 in chips)
Seat 2: 14bcd136 (513 in chips)
Seat 3: 6d606992 (12,663 in chips)
Seat 4: 35e14626 (9,790 in chips)
Seat 5: 69cb2573 (9,450 in chips)
Seat 6: 5ffcf649 (9,955 in chips)
Seat 7: 94943d18 (10,410 in chips)
Seat 8: Hero (9,925 in chips)
6d606992: posts the ante 18
747b58d3: posts the ante 18
5ffcf649: posts the ante 18
94943d18: posts the ante 18
69cb2573: posts the ante 18
35e14626: posts the ante 18
Hero: posts the ante 18
14bcd136: posts the ante 18
6d606992: posts small blind 60
35e14626: posts big blind 120
*** HOLE CARDS ***
Dealt to 747b58d3 
Dealt to 14bcd136 
Dealt to 6d606992 
Dealt to 35e14626 
Dealt to 69cb2573 
Dealt to 5ffcf649 
Dealt to 94943d18 
Dealt to Hero [9c 2s]
69cb2573: folds
5ffcf649: folds
94943d18: raises 120 to 240
Hero: folds
747b58d3: raises 360 to 600
14bcd136: calls 495 and is all-in
6d606992: folds
35e14626: folds
94943d18: calls 360
*** FLOP *** [4d 7c Jh]
94943d18: checks
747b58d3: bets 667
94943d18: calls 667
*** TURN *** [4d 7c Jh] [9d]
94943d18: checks
747b58d3: checks
*** RIVER *** [4d 7c Jh 9d] [Kc]
94943d18: checks
747b58d3: bets 2,515
94943d18: calls 2,515
747b58d3: shows [Ks 7d] (Pair of Kings and Pair of Sevens)
14bcd136: shows [6h As] (Ace-High)
94943d18: shows [Qc Jd] (Pair of Jacks)
*** SHOWDOWN ***
747b58d3 collected 1,809 from pot
747b58d3 collected 6,574 from pot
*** SUMMARY ***
Total pot 8,383 | Rake 0 | Jackpot 0 | Bingo 0 | Fortune 0 | Tax 0
Board [4d 7c Jh 9d Kc]
Seat 1: 747b58d3 showed [Ks 7d] and won (8,383) with Pair of Kings and Pair of Sevens
Seat 2: 14bcd136 (button) showed [6h As] and lost with Ace-High
Seat 3: 6d606992 (small blind) folded before Flop
Seat 4: 35e14626 (big blind) folded before Flop
Seat 5: 69cb2573 folded before Flop
Seat 6: 5ffcf649 folded before Flop
Seat 7: 94943d18 showed [Qc Jd] and lost with Pair of Jacks
Seat 8: Hero folded before Flop


Poker Hand #TM3560874445: Tournament #157102926, Bounty Hunters Big One $1.08 Hold'em No Limit - Level1(50/100) - 2024/08/08 17:39:48
Table '101' 8-max Seat #1 is the button
Seat 1: 747b58d3 (17,594 in chips)
Seat 2: 14bcd136 (146 in chips)
Seat 3: 6d606992 (12,740 in chips)
Seat 4: 35e14626 (9,805 in chips)
Seat 5: 69cb2573 (9,465 in chips)
Seat 6: 5ffcf649 (9,970 in chips)
Seat 7: 94943d18 (10,625 in chips)
Seat 8: Hero (9,940 in chips)
6d606992: posts the ante 15
747b58d3: posts the ante 15
5ffcf649: posts the ante 15
94943d18: posts the ante 15
69cb2573: posts the ante 15
35e14626: posts the ante 15
Hero: posts the ante 15
14bcd136: posts the ante 15
14bcd136: posts small blind 50
6d606992: posts big blind 100
*** HOLE CARDS ***
Dealt to 747b58d3 
Dealt to 14bcd136 
Dealt to 6d606992 
Dealt to 35e14626 
Dealt to 69cb2573 
Dealt to 5ffcf649 
Dealt to 94943d18 
Dealt to Hero [Qd 8h]
35e14626: folds
69cb2573: folds
5ffcf649: folds
94943d18: raises 100 to 200
Hero: folds
747b58d3: folds
14bcd136: calls 81 and is all-in
6d606992: calls 100
*** FLOP *** [4s Td 2c]
6d606992: checks
94943d18: checks
*** TURN *** [4s Td 2c] [Th]
6d606992: checks
94943d18: checks
*** RIVER *** [4s Td 2c Th] [Kh]
6d606992: checks
94943d18: checks
14bcd136: shows [6s As] (Pair of Tens)
6d606992: shows [Qs 7s] (Pair of Tens)
94943d18: shows [Jd 9h] (Pair of Tens)
*** SHOWDOWN ***
14bcd136 collected 513 from pot
6d606992 collected 138 from pot
*** SUMMARY ***
Total pot 651 | Rake 0 | Jackpot 0 | Bingo 0 | Fortune 0 | Tax 0
Board [4s Td 2c Th Kh]
Seat 1: 747b58d3 (button) folded before Flop
Seat 2: 14bcd136 (small blind) showed [6s As] and won (513) with Pair of Tens
Seat 3: 6d606992 (big blind) showed [Qs 7s] and won (138) with Pair of Tens
Seat 4: 35e14626 folded before Flop
Seat 5: 69cb2573 folded before Flop
Seat 6: 5ffcf649 folded before Flop
Seat 7: 94943d18 showed [Jd 9h] and lost with Pair of Tens
Seat 8: Hero folded before Flop


Poker Hand #TM3560874389: Tournament #157102926, Bounty Hunters Big One $1.08 Hold'em No Limit - Level1(50/100) - 2024/08/08 17:38:34
Table '101' 8-max Seat #8 is the button
Seat 1: 747b58d3 (19,759 in chips)
Seat 2: 14bcd136 (411 in chips)
Seat 3: 6d606992 (9,985 in chips)
Seat 4: 35e14626 (9,820 in chips)
Seat 5: 69cb2573 (9,730 in chips)
Seat 6: 5ffcf649 (9,985 in chips)
Seat 7: 94943d18 (10,640 in chips)
Seat 8: Hero (9,955 in chips)
6d606992: posts the ante 15
5ffcf649: posts the ante 15
747b58d3: posts the ante 15
94943d18: posts the ante 15
69cb2573: posts the ante 15
35e14626: posts the ante 15
Hero: posts the ante 15
14bcd136: posts the ante 15
747b58d3: posts small blind 50
14bcd136: posts big blind 100
*** HOLE CARDS ***
Dealt to 747b58d3 
Dealt to 14bcd136 
Dealt to 6d606992 
Dealt to 35e14626 
Dealt to 69cb2573 
Dealt to 5ffcf649 
Dealt to 94943d18 
Dealt to Hero [Kh 9s]
6d606992: raises 150 to 250
35e14626: folds
69cb2573: calls 250
5ffcf649: folds
94943d18: folds
Hero: folds
747b58d3: calls 200
14bcd136: calls 150
*** FLOP *** [3s As 3h]
747b58d3: bets 200
14bcd136: folds
6d606992: calls 200
69cb2573: folds
*** TURN *** [3s As 3h] [Jh]
747b58d3: bets 502
6d606992: raises 1,198 to 1,700
747b58d3: calls 1,198
*** RIVER *** [3s As 3h Jh] [2h]
747b58d3: checks
6d606992: bets 7,820 and is all-in
747b58d3: folds
Uncalled bet (7,820) returned to 6d606992
*** SHOWDOWN ***
6d606992 collected 4,920 from pot
*** SUMMARY ***
Total pot 4,920 | Rake 0 | Jackpot 0 | Bingo 0 | Fortune 0 | Tax 0
Board [3s As 3h Jh 2h]
Seat 1: 747b58d3 (small blind) folded on the River
Seat 2: 14bcd136 (big blind) folded on the Flop
Seat 3: 6d606992 won (4,920)
Seat 4: 35e14626 folded before Flop
Seat 5: 69cb2573 folded on the Flop
Seat 6: 5ffcf649 folded before Flop
Seat 7: 94943d18 folded before Flop
Seat 8: Hero (button) folded before Flop


Poker Hand #TM3560874338: Tournament #157102926, Bounty Hunters Big One $1.08 Hold'em No Limit - Level1(50/100) - 2024/08/08 17:37:35
Table '101' 8-max Seat #7 is the button
Seat 1: 747b58d3 (12,254 in chips)
Seat 2: 14bcd136 (7,626 in chips)
Seat 3: 6d606992 (10,000 in chips)
Seat 4: 35e14626 (9,835 in chips)
Seat 5: 69cb2573 (9,745 in chips)
Seat 6: 5ffcf649 (10,000 in chips)
Seat 7: 94943d18 (10,655 in chips)
Seat 8: Hero (10,170 in chips)
6d606992: posts the ante 15
5ffcf649: posts the ante 15
747b58d3: posts the ante 15
94943d18: posts the ante 15
69cb2573: posts the ante 15
35e14626: posts the ante 15
Hero: posts the ante 15
14bcd136: posts the ante 15
Hero: posts small blind 50
747b58d3: posts big blind 100
*** HOLE CARDS ***
Dealt to 747b58d3 
Dealt to 14bcd136 
Dealt to 6d606992 
Dealt to 35e14626 
Dealt to 69cb2573 
Dealt to 5ffcf649 
Dealt to 94943d18 
Dealt to Hero [Kh Qs]
14bcd136: raises 100 to 200
6d606992: folds
35e14626: folds
69cb2573: folds
5ffcf649: folds
94943d18: folds
Hero: calls 150
747b58d3: calls 100
*** FLOP *** [Ts 9h 2d]
Hero: checks
747b58d3: bets 300
14bcd136: raises 660 to 960
Hero: folds
747b58d3: calls 660
*** TURN *** [Ts 9h 2d] [3h]
747b58d3: checks
14bcd136: bets 2,640
747b58d3: calls 2,640
*** RIVER *** [Ts 9h 2d 3h] [Qh]
747b58d3: checks
14bcd136: bets 3,400
747b58d3: calls 3,400
14bcd136: shows [Jh As] (Ace-High)
747b58d3: shows [Qc Jd] (Pair of Queens)
*** SHOWDOWN ***
747b58d3 collected 14,720 from pot
*** SUMMARY ***
Total pot 14,720 | Rake 0 | Jackpot 0 | Bingo 0 | Fortune 0 | Tax 0
Board [Ts 9h 2d 3h Qh]
Seat 1: 747b58d3 (big blind) showed [Qc Jd] and won (14,720) with Pair of Queens
Seat 2: 14bcd136 showed [Jh As] and lost with Ace-High
Seat 3: 6d606992 folded before Flop
Seat 4: 35e14626 folded before Flop
Seat 5: 69cb2573 folded before Flop
Seat 6: 5ffcf649 folded before Flop
Seat 7: 94943d18 (button) folded before Flop
Seat 8: Hero (small blind) folded on the Flop


Poker Hand #TM3560874319: Tournament #157102926, Bounty Hunters Big One $1.08 Hold'em No Limit - Level1(50/100) - 2024/08/08 17:37:07
Table '101' 8-max Seat #5 is the button
Seat 1: 747b58d3 (12,269 in chips)
Seat 2: 14bcd136 (7,641 in chips)
Seat 3: 6d606992 (9,760 in chips)
Seat 4: 35e14626 (9,850 in chips)
Seat 5: 69cb2573 (9,760 in chips)
Seat 7: 94943d18 (10,720 in chips)
Seat 8: Hero (10,285 in chips)
6d606992: posts the ante 15
747b58d3: posts the ante 15
94943d18: posts the ante 15
69cb2573: posts the ante 15
35e14626: posts the ante 15
Hero: posts the ante 15
14bcd136: posts the ante 15
94943d18: posts small blind 50
Hero: posts big blind 100
*** HOLE CARDS ***
Dealt to 747b58d3 
Dealt to 14bcd136 
Dealt to 6d606992 
Dealt to 35e14626 
Dealt to 69cb2573 
Dealt to 94943d18 
Dealt to Hero [9s 4h]
747b58d3: folds
14bcd136: folds
6d606992: raises 100 to 200
35e14626: folds
69cb2573: folds
94943d18: folds
Hero: folds
Uncalled bet (100) returned to 6d606992
*** SHOWDOWN ***
6d606992 collected 355 from pot
*** SUMMARY ***
Total pot 355 | Rake 0 | Jackpot 0 | Bingo 0 | Fortune 0 | Tax 0
Seat 1: 747b58d3 folded before Flop
Seat 2: 14bcd136 folded before Flop
Seat 3: 6d606992 collected (355)
Seat 4: 35e14626 folded before Flop
Seat 5: 69cb2573 (button) folded before Flop
Seat 7: 94943d18 (small blind) folded before Flop
Seat 8: Hero (big blind) folded before Flop


Poker Hand #TM3560874287: Tournament #157102926, Bounty Hunters Big One $1.08 Hold'em No Limit - Level1(50/100) - 2024/08/08 17:36:34
Table '101' 8-max Seat #4 is the button
Seat 1: 747b58d3 (12,284 in chips)
Seat 2: 14bcd136 (7,656 in chips)
Seat 3: 6d606992 (9,775 in chips)
Seat 4: 35e14626 (10,565 in chips)
Seat 5: 69cb2573 (9,825 in chips)
Seat 7: 94943d18 (10,835 in chips)
Seat 8: Hero (9,345 in chips)
6d606992: posts the ante 15
747b58d3: posts the ante 15
94943d18: posts the ante 15
69cb2573: posts the ante 15
35e14626: posts the ante 15
Hero: posts the ante 15
14bcd136: posts the ante 15
69cb2573: posts small blind 50
94943d18: posts big blind 100
*** HOLE CARDS ***
Dealt to 747b58d3 
Dealt to 14bcd136 
Dealt to 6d606992 
Dealt to 35e14626 
Dealt to 69cb2573 
Dealt to 94943d18 
Dealt to Hero [As Jh]
Hero: raises 100 to 200
747b58d3: folds
14bcd136: folds
6d606992: folds
35e14626: raises 500 to 700
69cb2573: folds
94943d18: folds
Hero: calls 500
*** FLOP *** [2d 5c 7s]
Hero: checks
35e14626: checks
*** TURN *** [2d 5c 7s] [6h]
Hero: bets 828
35e14626: folds
Uncalled bet (828) returned to Hero
*** SHOWDOWN ***
Hero collected 1,655 from pot
*** SUMMARY ***
Total pot 1,655 | Rake 0 | Jackpot 0 | Bingo 0 | Fortune 0 | Tax 0
Board [2d 5c 7s 6h]
Seat 1: 747b58d3 folded before Flop
Seat 2: 14bcd136 folded before Flop
Seat 3: 6d606992 folded before Flop
Seat 4: 35e14626 (button) folded on the Turn
Seat 5: 69cb2573 (small blind) folded before Flop
Seat 7: 94943d18 (big blind) folded before Flop
Seat 8: Hero won (1,655)


Poker Hand #TM3560874230: Tournament #157102926, Bounty Hunters Big One $1.08 Hold'em No Limit - Level1(50/100) - 2024/08/08 17:35:20
Table '101' 8-max Seat #3 is the button
Seat 1: 747b58d3 (12,299 in chips)
Seat 2: 14bcd136 (7,671 in chips)
Seat 3: 6d606992 (9,790 in chips)
Seat 4: 35e14626 (10,880 in chips)
Seat 5: 69cb2573 (9,940 in chips)
Seat 6: 62170d3a (9,685 in chips)
Seat 7: 94943d18 (10,030 in chips)
Seat 8: Hero (9,660 in chips)
6d606992: posts the ante 15
747b58d3: posts the ante 15
94943d18: posts the ante 15
69cb2573: posts the ante 15
62170d3a: posts the ante 15
35e14626: posts the ante 15
Hero: posts the ante 15
14bcd136: posts the ante 15
35e14626: posts small blind 50
69cb2573: posts big blind 100
*** HOLE CARDS ***
Dealt to 747b58d3 
Dealt to 14bcd136 
Dealt to 6d606992 
Dealt to 35e14626 
Dealt to 69cb2573 
Dealt to 62170d3a 
Dealt to 94943d18 
Dealt to Hero [Qh Ts]
62170d3a: folds
94943d18: calls 100
Hero: calls 100
747b58d3: folds
14bcd136: folds
6d606992: folds
35e14626: calls 50
69cb2573: checks
*** FLOP *** [Kc Ad Td]
35e14626: checks
69cb2573: checks
94943d18: bets 200
Hero: calls 200
35e14626: calls 200
69cb2573: folds
*** TURN *** [Kc Ad Td] [Ah]
35e14626: checks
94943d18: bets 500
Hero: folds
35e14626: folds
Uncalled bet (500) returned to 94943d18
*** SHOWDOWN ***
94943d18 collected 1,120 from pot
*** SUMMARY ***
Total pot 1,120 | Rake 0 | Jackpot 0 | Bingo 0 | Fortune 0 | Tax 0
Board [Kc Ad Td Ah]
Seat 1: 747b58d3 folded before Flop
Seat 2: 14bcd136 folded before Flop
Seat 3: 6d606992 (button) folded before Flop
Seat 4: 35e14626 (small blind) folded on the Turn
Seat 5: 69cb2573 (big blind) folded on the Flop
Seat 6: 62170d3a folded before Flop
Seat 7: 94943d18 won (1,120)
Seat 8: Hero folded on the Turn


Poker Hand #TM3560874180: Tournament #157102926, Bounty Hunters Big One $1.08 Hold'em No Limit - Level1(50/100) - 2024/08/08 17:34:24
Table '101' 8-max Seat #2 is the button
Seat 1: 747b58d3 (12,314 in chips)
Seat 2: 14bcd136 (7,686 in chips)
Seat 3: 6d606992 (9,855 in chips)
Seat 4: 35e14626 (10,525 in chips)
Seat 5: 69cb2573 (9,955 in chips)
Seat 6: 62170d3a (9,700 in chips)
Seat 7: 94943d18 (10,245 in chips)
Seat 8: Hero (9,675 in chips)
6d606992: posts the ante 15
747b58d3: posts the ante 15
94943d18: posts the ante 15
69cb2573: posts the ante 15
62170d3a: posts the ante 15
35e14626: posts the ante 15
Hero: posts the ante 15
14bcd136: posts the ante 15
6d606992: posts small blind 50
35e14626: posts big blind 100
*** HOLE CARDS ***
Dealt to 747b58d3 
Dealt to 14bcd136 
Dealt to 6d606992 
Dealt to 35e14626 
Dealt to 69cb2573 
Dealt to 62170d3a 
Dealt to 94943d18 
Dealt to Hero [4h Ac]
69cb2573: folds
62170d3a: folds
94943d18: raises 100 to 200
Hero: folds
747b58d3: folds
14bcd136: folds
6d606992: folds
35e14626: calls 100
*** FLOP *** [4d Jd 4c]
35e14626: checks
94943d18: checks
*** TURN *** [4d Jd 4c] [2c]
35e14626: bets 314
94943d18: folds
Uncalled bet (314) returned to 35e14626
*** SHOWDOWN ***
35e14626 collected 570 from pot
*** SUMMARY ***
Total pot 570 | Rake 0 | Jackpot 0 | Bingo 0 | Fortune 0 | Tax 0
Board [4d Jd 4c 2c]
Seat 1: 747b58d3 folded before Flop
Seat 2: 14bcd136 (button) folded before Flop
Seat 3: 6d606992 (small blind) folded before Flop
Seat 4: 35e14626 (big blind) won (570)
Seat 5: 69cb2573 folded before Flop
Seat 6: 62170d3a folded before Flop
Seat 7: 94943d18 folded on the Turn
Seat 8: Hero folded before Flop


Poker Hand #TM3560874115: Tournament #157102926, Bounty Hunters Big One $1.08 Hold'em No Limit - Level1(50/100) - 2024/08/08 17:33:15
Table '101' 8-max Seat #1 is the button
Seat 1: 747b58d3 (9,505 in chips)
Seat 2: 14bcd136 (10,065 in chips)
Seat 3: 6d606992 (9,970 in chips)
Seat 4: 35e14626 (10,540 in chips)
Seat 5: 69cb2573 (9,970 in chips)
Seat 6: 62170d3a (9,955 in chips)
Seat 7: 94943d18 (10,260 in chips)
Seat 8: Hero (9,690 in chips)
6d606992: posts the ante 15
747b58d3: posts the ante 15
94943d18: posts the ante 15
69cb2573: posts the ante 15
62170d3a: posts the ante 15
35e14626: posts the ante 15
Hero: posts the ante 15
14bcd136: posts the ante 15
14bcd136: posts small blind 50
6d606992: posts big blind 100
*** HOLE CARDS ***
Dealt to 747b58d3 
Dealt to 14bcd136 
Dealt to 6d606992 
Dealt to 35e14626 
Dealt to 69cb2573 
Dealt to 62170d3a 
Dealt to 94943d18 
Dealt to Hero [8s Kd]
35e14626: folds
69cb2573: folds
62170d3a: raises 140 to 240
94943d18: folds
Hero: folds
747b58d3: calls 240
14bcd136: calls 190
6d606992: folds
*** FLOP *** [Ac 6h 9d]
14bcd136: checks
62170d3a: checks
747b58d3: bets 311
14bcd136: calls 311
62170d3a: folds
*** TURN *** [Ac 6h 9d] [Ah]
14bcd136: checks
747b58d3: bets 516
14bcd136: calls 516
*** RIVER *** [Ac 6h 9d Ah] [Qs]
14bcd136: checks
747b58d3: bets 1,297
14bcd136: calls 1,297
747b58d3: shows [9c 9s] (Nines Full over Aces)
14bcd136: shows [3d Ad] (Three Aces)
*** SHOWDOWN ***
747b58d3 collected 5,188 from pot
*** SUMMARY ***
Total pot 5,188 | Rake 0 | Jackpot 0 | Bingo 0 | Fortune 0 | Tax 0
Board [Ac 6h 9d Ah Qs]
Seat 1: 747b58d3 (button) showed [9c 9s] and won (5,188) with Nines Full over Aces
Seat 2: 14bcd136 (small blind) showed [3d Ad] and lost with Three Aces
Seat 3: 6d606992 (big blind) folded before Flop
Seat 4: 35e14626 folded before Flop
Seat 5: 69cb2573 folded before Flop
Seat 6: 62170d3a folded on the Flop
Seat 7: 94943d18 folded before Flop
Seat 8: Hero folded before Flop


Poker Hand #TM3560874085: Tournament #157102926, Bounty Hunters Big One $1.08 Hold'em No Limit - Level1(50/100) - 2024/08/08 17:32:32
Table '101' 8-max Seat #8 is the button
Seat 1: 747b58d3 (9,570 in chips)
Seat 2: 14bcd136 (10,280 in chips)
Seat 3: 6d606992 (9,985 in chips)
Seat 4: 35e14626 (10,555 in chips)
Seat 5: 69cb2573 (9,985 in chips)
Seat 6: 62170d3a (9,970 in chips)
Seat 7: 94943d18 (9,905 in chips)
Seat 8: Hero (9,705 in chips)
6d606992: posts the ante 15
747b58d3: posts the ante 15
94943d18: posts the ante 15
69cb2573: posts the ante 15
62170d3a: posts the ante 15
35e14626: posts the ante 15
Hero: posts the ante 15
14bcd136: posts the ante 15
747b58d3: posts small blind 50
14bcd136: posts big blind 100
*** HOLE CARDS ***
Dealt to 747b58d3 
Dealt to 14bcd136 
Dealt to 6d606992 
Dealt to 35e14626 
Dealt to 69cb2573 
Dealt to 62170d3a 
Dealt to 94943d18 
Dealt to Hero [4d 8h]
6d606992: folds
35e14626: folds
69cb2573: folds
62170d3a: folds
94943d18: raises 100 to 200
Hero: folds
747b58d3: folds
14bcd136: calls 100
*** FLOP *** [7c 7d 2d]
14bcd136: checks
94943d18: checks
*** TURN *** [7c 7d 2d] [Jc]
14bcd136: checks
94943d18: bets 300
14bcd136: folds
Uncalled bet (300) returned to 94943d18
*** SHOWDOWN ***
94943d18 collected 570 from pot
*** SUMMARY ***
Total pot 570 | Rake 0 | Jackpot 0 | Bingo 0 | Fortune 0 | Tax 0
Board [7c 7d 2d Jc]
Seat 1: 747b58d3 (small blind) folded before Flop
Seat 2: 14bcd136 (big blind) folded on the Turn
Seat 3: 6d606992 folded before Flop
Seat 4: 35e14626 folded before Flop
Seat 5: 69cb2573 folded before Flop
Seat 6: 62170d3a folded before Flop
Seat 7: 94943d18 won (570)
Seat 8: Hero (button) folded before Flop


Poker Hand #TM3560874027: Tournament #157102926, Bounty Hunters Big One $1.08 Hold'em No Limit - Level1(50/100) - 2024/08/08 17:31:23
Table '101' 8-max Seat #7 is the button
Seat 1: 747b58d3 (9,985 in chips)
Seat 2: 14bcd136 (10,295 in chips)
Seat 3: 6d606992 (10,000 in chips)
Seat 4: 35e14626 (10,000 in chips)
Seat 5: 69cb2573 (10,000 in chips)
Seat 6: 62170d3a (9,985 in chips)
Seat 7: 94943d18 (9,920 in chips)
Seat 8: Hero (9,770 in chips)
6d606992: posts the ante 15
747b58d3: posts the ante 15
94943d18: posts the ante 15
69cb2573: posts the ante 15
62170d3a: posts the ante 15
35e14626: posts the ante 15
Hero: posts the ante 15
14bcd136: posts the ante 15
Hero: posts small blind 50
747b58d3: posts big blind 100
*** HOLE CARDS ***
Dealt to 747b58d3 
Dealt to 14bcd136 
Dealt to 6d606992 
Dealt to 35e14626 
Dealt to 69cb2573 
Dealt to 62170d3a 
Dealt to 94943d18 
Dealt to Hero [Tc 4d]
14bcd136: folds
6d606992: folds
35e14626: raises 100 to 200
69cb2573: folds
62170d3a: folds
94943d18: folds
Hero: folds
747b58d3: calls 100
*** FLOP *** [9c 7c 5d]
747b58d3: bets 200
35e14626: calls 200
*** TURN *** [9c 7c 5d] [7d]
747b58d3: checks
35e14626: checks
*** RIVER *** [9c 7c 5d 7d] [3h]
747b58d3: checks
35e14626: checks
747b58d3: shows [Td Kc] (Pair of Sevens)
35e14626: shows [4s 4h] (Pair of Sevens and Pair of Fours)
*** SHOWDOWN ***
35e14626 collected 970 from pot
*** SUMMARY ***
Total pot 970 | Rake 0 | Jackpot 0 | Bingo 0 | Fortune 0 | Tax 0
Board [9c 7c 5d 7d 3h]
Seat 1: 747b58d3 (big blind) showed [Td Kc] and lost with Pair of Sevens
Seat 2: 14bcd136 folded before Flop
Seat 3: 6d606992 folded before Flop
Seat 4: 35e14626 showed [4s 4h] and won (970) with Pair of Sevens and Pair of Fours
Seat 5: 69cb2573 folded before Flop
Seat 6: 62170d3a folded before Flop
Seat 7: 94943d18 (button) folded before Flop
Seat 8: Hero (small blind) folded before Flop


Poker Hand #TM3560873990: Tournament #157102926, Bounty Hunters Big One $1.08 Hold'em No Limit - Level1(50/100) - 2024/08/08 17:30:29
Table '101' 8-max Seat #2 is the button
Seat 1: 747b58d3 (10,000 in chips)
Seat 2: 14bcd136 (10,000 in chips)
Seat 7: 94943d18 (9,985 in chips)
Seat 8: Hero (9,985 in chips)
747b58d3: posts the ante 15
94943d18: posts the ante 15
Hero: posts the ante 15
14bcd136: posts the ante 15
94943d18: posts small blind 50
Hero: posts big blind 100
*** HOLE CARDS ***
Dealt to 747b58d3 
Dealt to 14bcd136 
Dealt to 94943d18 
Dealt to Hero [Jc 4h]
747b58d3: folds
14bcd136: raises 100 to 200
94943d18: folds
Hero: calls 100
*** FLOP *** [7s Td Kh]
Hero: checks
14bcd136: checks
*** TURN *** [7s Td Kh] [Ks]
Hero: checks
14bcd136: checks
*** RIVER *** [7s Td Kh Ks] [9d]
Hero: checks
14bcd136: checks
Hero: shows [Jc 4h] (Pair of Kings)
14bcd136: shows [3s Ah] (Pair of Kings)
*** SHOWDOWN ***
14bcd136 collected 510 from pot
*** SUMMARY ***
Total pot 510 | Rake 0 | Jackpot 0 | Bingo 0 | Fortune 0 | Tax 0
Board [7s Td Kh Ks 9d]
Seat 1: 747b58d3 folded before Flop
Seat 2: 14bcd136 (button) showed [3s Ah] and won (510) with Pair of Kings
Seat 7: 94943d18 (small blind) folded before Flop
Seat 8: Hero (big blind) showed [Jc 4h] and lost with Pair of Kings


Poker Hand #TM3560716672: Tournament #157102926, Bounty Hunters Big One $1.08 Hold'em No Limit - Level1(50/100) - 2024/08/08 17:30:02
Table '23' 8-max Seat #3 is the button
Seat 1: 4b750eac (10,000 in chips)
Seat 2: 5e29b0a3 (10,000 in chips)
Seat 3: fc34bb48 (10,000 in chips)
Seat 4: 3d617d73 (10,000 in chips)
Seat 5: b8b0c607 (10,000 in chips)
Seat 6: Hero (10,000 in chips)
Seat 7: 2feb554a (10,000 in chips)
Seat 8: b4c0d66c (10,000 in chips)
5e29b0a3: posts the ante 15
b4c0d66c: posts the ante 15
fc34bb48: posts the ante 15
3d617d73: posts the ante 15
b8b0c607: posts the ante 15
4b750eac: posts the ante 15
Hero: posts the ante 15
2feb554a: posts the ante 15
3d617d73: posts small blind 50
b8b0c607: posts big blind 100
*** HOLE CARDS ***
Dealt to 4b750eac 
Dealt to 5e29b0a3 
Dealt to fc34bb48 
Dealt to 3d617d73 
Dealt to b8b0c607 
Dealt to Hero [7s 9h]
Dealt to 2feb554a 
Dealt to b4c0d66c 
Hero: folds
2feb554a: folds
b4c0d66c: folds
4b750eac: folds
5e29b0a3: folds
fc34bb48: folds
3d617d73: folds
Uncalled bet (50) returned to b8b0c607
*** SHOWDOWN ***
b8b0c607 collected 220 from pot
*** SUMMARY ***
Total pot 220 | Rake 0 | Jackpot 0 | Bingo 0 | Fortune 0 | Tax 0
Seat 1: 4b750eac folded before Flop
Seat 2: 5e29b0a3 folded before Flop
Seat 3: fc34bb48 (button) folded before Flop
Seat 4: 3d617d73 (small blind) folded before Flop
Seat 5: b8b0c607 (big blind) collected (220)
Seat 6: Hero folded before Flop
Seat 7: 2feb554a folded before Flop
Seat 8: b4c0d66c folded before Flop


