Poker Hand #TM3514942565: Tournament #154332637, Bounty Hunters Big One $1.08 Hold'em No Limit - Level7(175/350) - 2024/07/24 12:41:05
Table '129' 8-max Seat #6 is the button
Seat 1: 4f7073cf (25,241 in chips)
Seat 2: 804eb8c2 (16,024 in chips)
Seat 3: 684a937b (15,860 in chips)
Seat 4: Hero (14,238 in chips)
Seat 5: 1e8557f7 (10,000 in chips)
Seat 6: 3954d955 (20,200 in chips)
Seat 7: 36536b95 (18,152 in chips)
Seat 8: a33105c3 (27,607 in chips)
1e8557f7: posts the ante 50
804eb8c2: posts the ante 50
3954d955: posts the ante 50
36536b95: posts the ante 50
4f7073cf: posts the ante 50
a33105c3: posts the ante 50
Hero: posts the ante 50
684a937b: posts the ante 50
36536b95: posts small blind 175
a33105c3: posts big blind 350
*** HOLE CARDS ***
Dealt to 4f7073cf 
Dealt to 804eb8c2 
Dealt to 684a937b 
Dealt to Hero [Ts Qd]
Dealt to 1e8557f7 
Dealt to 3954d955 
Dealt to 36536b95 
Dealt to a33105c3 
4f7073cf: folds
804eb8c2: folds
684a937b: folds
Hero: raises 350 to 700
1e8557f7: folds
3954d955: raises 1,050 to 1,750
36536b95: folds
a33105c3: folds
Hero: calls 1,050
*** FLOP *** [2h Qc Js]
Hero: checks
3954d955: bets 2,100
Hero: raises 10,338 to 12,438 and is all-in
3954d955: calls 10,338
Hero: shows [Ts Qd] (Pair of Queens)
3954d955: shows [Kc Qh] (Pair of Queens)
*** TURN *** [2h Qc Js] [Qs]
*** RIVER *** [2h Qc Js Qs] [9h]
*** SHOWDOWN ***
3954d955 collected 29,301 from pot
*** SUMMARY ***
Total pot 29,301 | Rake 0 | Jackpot 0 | Bingo 0 | Fortune 0 | Tax 0
Board [2h Qc Js Qs 9h]
Seat 1: 4f7073cf folded before Flop
Seat 2: 804eb8c2 folded before Flop
Seat 3: 684a937b folded before Flop
Seat 4: Hero showed [Ts Qd] and lost with Three Queens
Seat 5: 1e8557f7 folded before Flop
Seat 6: 3954d955 (button) showed [Kc Qh] and won (29,301) with Three Queens
Seat 7: 36536b95 (small blind) folded before Flop
Seat 8: a33105c3 (big blind) folded before Flop


Poker Hand #TM3514942544: Tournament #154332637, Bounty Hunters Big One $1.08 Hold'em No Limit - Level7(175/350) - 2024/07/24 12:40:15
Table '129' 8-max Seat #4 is the button
Seat 1: 4f7073cf (25,291 in chips)
Seat 2: 804eb8c2 (13,099 in chips)
Seat 3: 684a937b (16,960 in chips)
Seat 4: Hero (15,338 in chips)
Seat 6: 3954d955 (20,425 in chips)
Seat 7: 36536b95 (18,552 in chips)
Seat 8: a33105c3 (27,657 in chips)
804eb8c2: posts the ante 50
3954d955: posts the ante 50
36536b95: posts the ante 50
4f7073cf: posts the ante 50
a33105c3: posts the ante 50
Hero: posts the ante 50
684a937b: posts the ante 50
3954d955: posts small blind 175
36536b95: posts big blind 350
*** HOLE CARDS ***
Dealt to 4f7073cf 
Dealt to 804eb8c2 
Dealt to 684a937b 
Dealt to Hero [Jh Td]
Dealt to 3954d955 
Dealt to 36536b95 
Dealt to a33105c3 
a33105c3: folds
4f7073cf: folds
804eb8c2: raises 700 to 1,050
684a937b: calls 1,050
Hero: calls 1,050
3954d955: folds
36536b95: folds
*** FLOP *** [4h 4c Kd]
804eb8c2: bets 1,050
684a937b: folds
Hero: folds
Uncalled bet (1,050) returned to 804eb8c2
*** SHOWDOWN ***
804eb8c2 collected 4,025 from pot
*** SUMMARY ***
Total pot 4,025 | Rake 0 | Jackpot 0 | Bingo 0 | Fortune 0 | Tax 0
Board [4h 4c Kd]
Seat 1: 4f7073cf folded before Flop
Seat 2: 804eb8c2 won (4,025)
Seat 3: 684a937b folded on the Flop
Seat 4: Hero (button) folded on the Flop
Seat 6: 3954d955 (small blind) folded before Flop
Seat 7: 36536b95 (big blind) folded before Flop
Seat 8: a33105c3 folded before Flop


Poker Hand #TM3514942512: Tournament #154332637, Bounty Hunters Big One $1.08 Hold'em No Limit - Level7(175/350) - 2024/07/24 12:39:18
Table '129' 8-max Seat #3 is the button
Seat 1: 4f7073cf (13,088 in chips)
Seat 2: 804eb8c2 (13,149 in chips)
Seat 3: 684a937b (17,710 in chips)
Seat 4: Hero (16,088 in chips)
Seat 5: 18e11707 (10,503 in chips)
Seat 6: 3954d955 (20,475 in chips)
Seat 7: 36536b95 (18,602 in chips)
Seat 8: a33105c3 (27,707 in chips)
804eb8c2: posts the ante 50
18e11707: posts the ante 50
3954d955: posts the ante 50
36536b95: posts the ante 50
4f7073cf: posts the ante 50
a33105c3: posts the ante 50
684a937b: posts the ante 50
Hero: posts the ante 50
Hero: posts small blind 175
18e11707: posts big blind 350
*** HOLE CARDS ***
Dealt to 4f7073cf 
Dealt to 804eb8c2 
Dealt to 684a937b 
Dealt to Hero [8d Jd]
Dealt to 18e11707 
Dealt to 3954d955 
Dealt to 36536b95 
Dealt to a33105c3 
3954d955: folds
36536b95: folds
a33105c3: folds
4f7073cf: raises 350 to 700
804eb8c2: folds
684a937b: calls 700
Hero: calls 525
18e11707: calls 350
*** FLOP *** [Td 3s Ks]
Hero: checks
18e11707: checks
4f7073cf: bets 2,625
684a937b: folds
Hero: folds
18e11707: calls 2,625
*** TURN *** [Td 3s Ks] [8h]
18e11707: checks
4f7073cf: bets 9,713 and is all-in
18e11707: calls 7,128 and is all-in
Uncalled bet (2,585) returned to 4f7073cf
4f7073cf: shows [3c 3h] (Three Treys)
18e11707: shows [Jc Kc] (Pair of Kings)
*** RIVER *** [Td 3s Ks 8h] [Tc]
*** SHOWDOWN ***
4f7073cf collected 22,706 from pot
*** SUMMARY ***
Total pot 22,706 | Rake 0 | Jackpot 0 | Bingo 0 | Fortune 0 | Tax 0
Board [Td 3s Ks 8h Tc]
Seat 1: 4f7073cf showed [3c 3h] and won (22,706) with Treys Full over Tens
Seat 2: 804eb8c2 folded before Flop
Seat 3: 684a937b (button) folded on the Flop
Seat 4: Hero (small blind) folded on the Flop
Seat 5: 18e11707 (big blind) showed [Jc Kc] and lost with Pair of Kings and Pair of Tens
Seat 6: 3954d955 folded before Flop
Seat 7: 36536b95 folded before Flop
Seat 8: a33105c3 folded before Flop


Poker Hand #TM3514942475: Tournament #154332637, Bounty Hunters Big One $1.08 Hold'em No Limit - Level7(175/350) - 2024/07/24 12:38:08
Table '129' 8-max Seat #2 is the button
Seat 1: 4f7073cf (13,138 in chips)
Seat 2: 804eb8c2 (13,199 in chips)
Seat 3: 684a937b (17,935 in chips)
Seat 4: Hero (26,088 in chips)
Seat 5: 18e11707 (10,553 in chips)
Seat 6: 3954d955 (10,000 in chips)
Seat 7: 36536b95 (18,652 in chips)
Seat 8: a33105c3 (27,757 in chips)
804eb8c2: posts the ante 50
18e11707: posts the ante 50
3954d955: posts the ante 50
36536b95: posts the ante 50
4f7073cf: posts the ante 50
a33105c3: posts the ante 50
Hero: posts the ante 50
684a937b: posts the ante 50
684a937b: posts small blind 175
Hero: posts big blind 350
*** HOLE CARDS ***
Dealt to 4f7073cf 
Dealt to 804eb8c2 
Dealt to 684a937b 
Dealt to Hero [Qh Jd]
Dealt to 18e11707 
Dealt to 3954d955 
Dealt to 36536b95 
Dealt to a33105c3 
18e11707: folds
3954d955: raises 700 to 1,050
36536b95: folds
a33105c3: folds
4f7073cf: folds
804eb8c2: folds
684a937b: folds
Hero: calls 700
*** FLOP *** [8c 7h 4c]
Hero: checks
3954d955: bets 1,050
Hero: calls 1,050
*** TURN *** [8c 7h 4c] [Td]
Hero: bets 2,388
3954d955: raises 5,462 to 7,850 and is all-in
Hero: calls 5,462
3954d955: shows [Qc Ts] (Pair of Tens)
Hero: shows [Qh Jd] (Queen-High)
*** RIVER *** [8c 7h 4c Td] [6d]
*** SHOWDOWN ***
3954d955 collected 20,475 from pot
*** SUMMARY ***
Total pot 20,475 | Rake 0 | Jackpot 0 | Bingo 0 | Fortune 0 | Tax 0
Board [8c 7h 4c Td 6d]
Seat 1: 4f7073cf folded before Flop
Seat 2: 804eb8c2 (button) folded before Flop
Seat 3: 684a937b (small blind) folded before Flop
Seat 4: Hero (big blind) showed [Qh Jd] and lost with Queen-High
Seat 5: 18e11707 folded before Flop
Seat 6: 3954d955 showed [Qc Ts] and won (20,475) with Pair of Tens
Seat 7: 36536b95 folded before Flop
Seat 8: a33105c3 folded before Flop


Poker Hand #TM3514942440: Tournament #154332637, Bounty Hunters Big One $1.08 Hold'em No Limit - Level6(150/300) - 2024/07/24 12:36:59
Table '129' 8-max Seat #1 is the button
Seat 1: 4f7073cf (13,183 in chips)
Seat 2: 804eb8c2 (14,443 in chips)
Seat 3: 684a937b (18,280 in chips)
Seat 4: Hero (26,133 in chips)
Seat 5: 18e11707 (10,598 in chips)
Seat 7: 36536b95 (16,883 in chips)
Seat 8: a33105c3 (27,802 in chips)
804eb8c2: posts the ante 45
18e11707: posts the ante 45
36536b95: posts the ante 45
4f7073cf: posts the ante 45
a33105c3: posts the ante 45
Hero: posts the ante 45
684a937b: posts the ante 45
804eb8c2: posts small blind 150
684a937b: posts big blind 300
*** HOLE CARDS ***
Dealt to 4f7073cf 
Dealt to 804eb8c2 
Dealt to 684a937b 
Dealt to Hero [8h 2h]
Dealt to 18e11707 
Dealt to 36536b95 
Dealt to a33105c3 
Hero: folds
18e11707: folds
36536b95: raises 300 to 600
a33105c3: folds
4f7073cf: folds
804eb8c2: calls 450
684a937b: folds
*** FLOP *** [9s 6s 3c]
804eb8c2: checks
36536b95: checks
*** TURN *** [9s 6s 3c] [Qh]
804eb8c2: checks
36536b95: bets 599
804eb8c2: calls 599
*** RIVER *** [9s 6s 3c Qh] [Td]
804eb8c2: checks
36536b95: bets 1,507
804eb8c2: folds
Uncalled bet (1,507) returned to 36536b95
*** SHOWDOWN ***
36536b95 collected 3,013 from pot
*** SUMMARY ***
Total pot 3,013 | Rake 0 | Jackpot 0 | Bingo 0 | Fortune 0 | Tax 0
Board [9s 6s 3c Qh Td]
Seat 1: 4f7073cf (button) folded before Flop
Seat 2: 804eb8c2 (small blind) folded on the River
Seat 3: 684a937b (big blind) folded before Flop
Seat 4: Hero folded before Flop
Seat 5: 18e11707 folded before Flop
Seat 7: 36536b95 won (3,013)
Seat 8: a33105c3 folded before Flop


Poker Hand #TM3514942424: Tournament #154332637, Bounty Hunters Big One $1.08 Hold'em No Limit - Level6(150/300) - 2024/07/24 12:36:30
Table '129' 8-max Seat #8 is the button
Seat 1: 4f7073cf (13,378 in chips)
Seat 2: 804eb8c2 (14,788 in chips)
Seat 3: 684a937b (18,325 in chips)
Seat 4: Hero (26,178 in chips)
Seat 5: 18e11707 (10,643 in chips)
Seat 7: 36536b95 (17,528 in chips)
Seat 8: a33105c3 (26,482 in chips)
804eb8c2: posts the ante 45
18e11707: posts the ante 45
36536b95: posts the ante 45
a33105c3: posts the ante 45
4f7073cf: posts the ante 45
Hero: posts the ante 45
684a937b: posts the ante 45
4f7073cf: posts small blind 150
804eb8c2: posts big blind 300
*** HOLE CARDS ***
Dealt to 4f7073cf 
Dealt to 804eb8c2 
Dealt to 684a937b 
Dealt to Hero [3s 5d]
Dealt to 18e11707 
Dealt to 36536b95 
Dealt to a33105c3 
684a937b: folds
Hero: folds
18e11707: folds
36536b95: raises 300 to 600
a33105c3: raises 1,474 to 2,074
4f7073cf: folds
804eb8c2: folds
36536b95: folds
Uncalled bet (1,474) returned to a33105c3
*** SHOWDOWN ***
a33105c3 collected 1,965 from pot
*** SUMMARY ***
Total pot 1,965 | Rake 0 | Jackpot 0 | Bingo 0 | Fortune 0 | Tax 0
Seat 1: 4f7073cf (small blind) folded before Flop
Seat 2: 804eb8c2 (big blind) folded before Flop
Seat 3: 684a937b folded before Flop
Seat 4: Hero folded before Flop
Seat 5: 18e11707 folded before Flop
Seat 7: 36536b95 folded before Flop
Seat 8: a33105c3 (button) collected (1,965)


Poker Hand #TM3514942408: Tournament #154332637, Bounty Hunters Big One $1.08 Hold'em No Limit - Level6(150/300) - 2024/07/24 12:36:08
Table '129' 8-max Seat #7 is the button
Seat 1: 4f7073cf (13,723 in chips)
Seat 2: 804eb8c2 (14,833 in chips)
Seat 3: 684a937b (17,605 in chips)
Seat 4: Hero (26,223 in chips)
Seat 5: 18e11707 (10,688 in chips)
Seat 7: 36536b95 (17,573 in chips)
Seat 8: a33105c3 (26,677 in chips)
804eb8c2: posts the ante 45
18e11707: posts the ante 45
36536b95: posts the ante 45
4f7073cf: posts the ante 45
a33105c3: posts the ante 45
Hero: posts the ante 45
684a937b: posts the ante 45
a33105c3: posts small blind 150
4f7073cf: posts big blind 300
*** HOLE CARDS ***
Dealt to 4f7073cf 
Dealt to 804eb8c2 
Dealt to 684a937b 
Dealt to Hero [5s Jd]
Dealt to 18e11707 
Dealt to 36536b95 
Dealt to a33105c3 
804eb8c2: folds
684a937b: raises 300 to 600
Hero: folds
18e11707: folds
36536b95: folds
a33105c3: folds
4f7073cf: folds
Uncalled bet (300) returned to 684a937b
*** SHOWDOWN ***
684a937b collected 1,065 from pot
*** SUMMARY ***
Total pot 1,065 | Rake 0 | Jackpot 0 | Bingo 0 | Fortune 0 | Tax 0
Seat 1: 4f7073cf (big blind) folded before Flop
Seat 2: 804eb8c2 folded before Flop
Seat 3: 684a937b collected (1,065)
Seat 4: Hero folded before Flop
Seat 5: 18e11707 folded before Flop
Seat 7: 36536b95 (button) folded before Flop
Seat 8: a33105c3 (small blind) folded before Flop


Poker Hand #TM3514942378: Tournament #154332637, Bounty Hunters Big One $1.08 Hold'em No Limit - Level6(150/300) - 2024/07/24 12:35:05
Table '129' 8-max Seat #6 is the button
Seat 1: 4f7073cf (13,768 in chips)
Seat 2: 804eb8c2 (14,878 in chips)
Seat 3: 684a937b (17,650 in chips)
Seat 4: Hero (26,268 in chips)
Seat 5: 18e11707 (10,733 in chips)
Seat 6: def995ed (4,746 in chips)
Seat 7: 36536b95 (11,957 in chips)
Seat 8: a33105c3 (27,322 in chips)
804eb8c2: posts the ante 45
def995ed: posts the ante 45
18e11707: posts the ante 45
36536b95: posts the ante 45
4f7073cf: posts the ante 45
a33105c3: posts the ante 45
Hero: posts the ante 45
684a937b: posts the ante 45
36536b95: posts small blind 150
a33105c3: posts big blind 300
*** HOLE CARDS ***
Dealt to 4f7073cf 
Dealt to 804eb8c2 
Dealt to 684a937b 
Dealt to Hero [2c Ad]
Dealt to 18e11707 
Dealt to def995ed 
Dealt to 36536b95 
Dealt to a33105c3 
4f7073cf: folds
804eb8c2: folds
684a937b: folds
Hero: folds
18e11707: folds
def995ed: raises 300 to 600
36536b95: calls 450
a33105c3: calls 300
*** FLOP *** [8h Jc Qs]
36536b95: checks
a33105c3: checks
def995ed: bets 713
36536b95: raises 1,184 to 1,897
a33105c3: folds
def995ed: calls 1,184
*** TURN *** [8h Jc Qs] [3h]
36536b95: bets 2,977
def995ed: calls 2,204 and is all-in
Uncalled bet (773) returned to 36536b95
36536b95: shows [Tc Qd] (Pair of Queens)
def995ed: shows [Ah Jd] (Pair of Jacks)
*** RIVER *** [8h Jc Qs 3h] [Qc]
*** SHOWDOWN ***
36536b95 collected 10,362 from pot
*** SUMMARY ***
Total pot 10,362 | Rake 0 | Jackpot 0 | Bingo 0 | Fortune 0 | Tax 0
Board [8h Jc Qs 3h Qc]
Seat 1: 4f7073cf folded before Flop
Seat 2: 804eb8c2 folded before Flop
Seat 3: 684a937b folded before Flop
Seat 4: Hero folded before Flop
Seat 5: 18e11707 folded before Flop
Seat 6: def995ed (button) showed [Ah Jd] and lost with Pair of Queens and Pair of Jacks
Seat 7: 36536b95 (small blind) showed [Tc Qd] and won (10,362) with Three Queens
Seat 8: a33105c3 (big blind) folded on the Flop


Poker Hand #TM3514942365: Tournament #154332637, Bounty Hunters Big One $1.08 Hold'em No Limit - Level6(150/300) - 2024/07/24 12:34:44
Table '129' 8-max Seat #5 is the button
Seat 1: 4f7073cf (13,813 in chips)
Seat 2: 804eb8c2 (14,923 in chips)
Seat 3: 684a937b (17,695 in chips)
Seat 4: Hero (26,313 in chips)
Seat 5: 18e11707 (9,968 in chips)
Seat 6: def995ed (4,941 in chips)
Seat 7: 36536b95 (12,302 in chips)
Seat 8: a33105c3 (27,367 in chips)
804eb8c2: posts the ante 45
def995ed: posts the ante 45
18e11707: posts the ante 45
36536b95: posts the ante 45
4f7073cf: posts the ante 45
a33105c3: posts the ante 45
Hero: posts the ante 45
684a937b: posts the ante 45
def995ed: posts small blind 150
36536b95: posts big blind 300
*** HOLE CARDS ***
Dealt to 4f7073cf 
Dealt to 804eb8c2 
Dealt to 684a937b 
Dealt to Hero [6c 7s]
Dealt to 18e11707 
Dealt to def995ed 
Dealt to 36536b95 
Dealt to a33105c3 
a33105c3: folds
4f7073cf: folds
804eb8c2: folds
684a937b: folds
Hero: folds
18e11707: raises 300 to 600
def995ed: folds
36536b95: folds
Uncalled bet (300) returned to 18e11707
*** SHOWDOWN ***
18e11707 collected 1,110 from pot
*** SUMMARY ***
Total pot 1,110 | Rake 0 | Jackpot 0 | Bingo 0 | Fortune 0 | Tax 0
Seat 1: 4f7073cf folded before Flop
Seat 2: 804eb8c2 folded before Flop
Seat 3: 684a937b folded before Flop
Seat 4: Hero folded before Flop
Seat 5: 18e11707 (button) collected (1,110)
Seat 6: def995ed (small blind) folded before Flop
Seat 7: 36536b95 (big blind) folded before Flop
Seat 8: a33105c3 folded before Flop


Poker Hand #TM3514942341: Tournament #154332637, Bounty Hunters Big One $1.08 Hold'em No Limit - Level6(150/300) - 2024/07/24 12:33:56
Table '129' 8-max Seat #4 is the button
Seat 1: 4f7073cf (13,858 in chips)
Seat 2: 804eb8c2 (14,968 in chips)
Seat 3: 684a937b (16,065 in chips)
Seat 4: Hero (26,358 in chips)
Seat 5: 18e11707 (10,163 in chips)
Seat 6: def995ed (6,151 in chips)
Seat 7: 36536b95 (12,347 in chips)
Seat 8: a33105c3 (27,412 in chips)
804eb8c2: posts the ante 45
def995ed: posts the ante 45
18e11707: posts the ante 45
36536b95: posts the ante 45
4f7073cf: posts the ante 45
a33105c3: posts the ante 45
Hero: posts the ante 45
684a937b: posts the ante 45
18e11707: posts small blind 150
def995ed: posts big blind 300
*** HOLE CARDS ***
Dealt to 4f7073cf 
Dealt to 804eb8c2 
Dealt to 684a937b 
Dealt to Hero [Kh 6d]
Dealt to 18e11707 
Dealt to def995ed 
Dealt to 36536b95 
Dealt to a33105c3 
36536b95: folds
a33105c3: folds
4f7073cf: folds
804eb8c2: folds
684a937b: raises 300 to 600
Hero: folds
18e11707: folds
def995ed: calls 300
*** FLOP *** [7c 9s Jc]
def995ed: checks
684a937b: checks
*** TURN *** [7c 9s Jc] [Ah]
def995ed: checks
684a937b: bets 565
def995ed: calls 565
*** RIVER *** [7c 9s Jc Ah] [8c]
def995ed: checks
684a937b: checks
def995ed: shows [Qs Ks] (Ace-High)
684a937b: shows [6c 6h] (Pair of Sixes)
*** SHOWDOWN ***
684a937b collected 2,840 from pot
*** SUMMARY ***
Total pot 2,840 | Rake 0 | Jackpot 0 | Bingo 0 | Fortune 0 | Tax 0
Board [7c 9s Jc Ah 8c]
Seat 1: 4f7073cf folded before Flop
Seat 2: 804eb8c2 folded before Flop
Seat 3: 684a937b showed [6c 6h] and won (2,840) with Pair of Sixes
Seat 4: Hero (button) folded before Flop
Seat 5: 18e11707 (small blind) folded before Flop
Seat 6: def995ed (big blind) showed [Qs Ks] and lost with Ace-High
Seat 7: 36536b95 folded before Flop
Seat 8: a33105c3 folded before Flop


Poker Hand #TM3514942316: Tournament #154332637, Bounty Hunters Big One $1.08 Hold'em No Limit - Level6(150/300) - 2024/07/24 12:33:07
Table '129' 8-max Seat #3 is the button
Seat 1: 4f7073cf (13,903 in chips)
Seat 2: 804eb8c2 (15,613 in chips)
Seat 3: 684a937b (16,110 in chips)
Seat 4: Hero (26,553 in chips)
Seat 5: 18e11707 (8,498 in chips)
Seat 6: def995ed (6,196 in chips)
Seat 7: 36536b95 (12,992 in chips)
Seat 8: a33105c3 (27,457 in chips)
804eb8c2: posts the ante 45
def995ed: posts the ante 45
18e11707: posts the ante 45
36536b95: posts the ante 45
4f7073cf: posts the ante 45
a33105c3: posts the ante 45
684a937b: posts the ante 45
Hero: posts the ante 45
Hero: posts small blind 150
18e11707: posts big blind 300
*** HOLE CARDS ***
Dealt to 4f7073cf 
Dealt to 804eb8c2 
Dealt to 684a937b 
Dealt to Hero [4c 2s]
Dealt to 18e11707 
Dealt to def995ed 
Dealt to 36536b95 
Dealt to a33105c3 
def995ed: folds
36536b95: raises 300 to 600
a33105c3: folds
4f7073cf: folds
804eb8c2: calls 600
684a937b: folds
Hero: folds
18e11707: raises 7,853 to 8,453 and is all-in
36536b95: folds
804eb8c2: folds
Uncalled bet (7,853) returned to 18e11707
36536b95: shows [Td]
*** SHOWDOWN ***
18e11707 collected 2,310 from pot
*** SUMMARY ***
Total pot 2,310 | Rake 0 | Jackpot 0 | Bingo 0 | Fortune 0 | Tax 0
Seat 1: 4f7073cf folded before Flop
Seat 2: 804eb8c2 folded before Flop
Seat 3: 684a937b (button) folded before Flop
Seat 4: Hero (small blind) folded before Flop
Seat 5: 18e11707 (big blind) collected (2,310)
Seat 6: def995ed folded before Flop
Seat 7: 36536b95 folded before Flop
Seat 8: a33105c3 folded before Flop


Poker Hand #TM3514942291: Tournament #154332637, Bounty Hunters Big One $1.08 Hold'em No Limit - Level6(150/300) - 2024/07/24 12:32:12
Table '129' 8-max Seat #2 is the button
Seat 1: 4f7073cf (13,948 in chips)
Seat 2: 804eb8c2 (15,658 in chips)
Seat 3: 684a937b (7,620 in chips)
Seat 4: Hero (34,173 in chips)
Seat 5: 18e11707 (8,543 in chips)
Seat 6: def995ed (6,241 in chips)
Seat 7: 36536b95 (13,037 in chips)
Seat 8: a33105c3 (28,102 in chips)
804eb8c2: posts the ante 45
def995ed: posts the ante 45
18e11707: posts the ante 45
36536b95: posts the ante 45
4f7073cf: posts the ante 45
a33105c3: posts the ante 45
Hero: posts the ante 45
684a937b: posts the ante 45
684a937b: posts small blind 150
Hero: posts big blind 300
*** HOLE CARDS ***
Dealt to 4f7073cf 
Dealt to 804eb8c2 
Dealt to 684a937b 
Dealt to Hero [Ks Ad]
Dealt to 18e11707 
Dealt to def995ed 
Dealt to 36536b95 
Dealt to a33105c3 
18e11707: folds
def995ed: folds
36536b95: folds
a33105c3: raises 300 to 600
4f7073cf: folds
804eb8c2: folds
684a937b: raises 6,975 to 7,575 and is all-in
Hero: raises 26,553 to 34,128 and is all-in
a33105c3: folds
Uncalled bet (26,553) returned to Hero
Hero: shows [Ks Ad]
684a937b: shows [8s 8c]
*** FLOP *** [Jh 7h 2c]
*** TURN *** [Jh 7h 2c] [4d]
*** RIVER *** [Jh 7h 2c 4d] [Th]
*** SHOWDOWN ***
684a937b collected 16,110 from pot
*** SUMMARY ***
Total pot 16,110 | Rake 0 | Jackpot 0 | Bingo 0 | Fortune 0 | Tax 0
Board [Jh 7h 2c 4d Th]
Seat 1: 4f7073cf folded before Flop
Seat 2: 804eb8c2 (button) folded before Flop
Seat 3: 684a937b (small blind) showed [8s 8c] and won (16,110) with Pair of Eights
Seat 4: Hero (big blind) showed [Ks Ad] and lost with Ace-High
Seat 5: 18e11707 folded before Flop
Seat 6: def995ed folded before Flop
Seat 7: 36536b95 folded before Flop
Seat 8: a33105c3 folded before Flop


Poker Hand #TM3514942257: Tournament #154332637, Bounty Hunters Big One $1.08 Hold'em No Limit - Level6(150/300) - 2024/07/24 12:30:54
Table '129' 8-max Seat #1 is the button
Seat 1: 4f7073cf (13,993 in chips)
Seat 2: 804eb8c2 (15,853 in chips)
Seat 3: 684a937b (7,965 in chips)
Seat 4: Hero (34,218 in chips)
Seat 5: 18e11707 (9,188 in chips)
Seat 6: def995ed (16,415 in chips)
Seat 7: 36536b95 (13,082 in chips)
Seat 8: a33105c3 (16,608 in chips)
804eb8c2: posts the ante 45
def995ed: posts the ante 45
18e11707: posts the ante 45
36536b95: posts the ante 45
4f7073cf: posts the ante 45
a33105c3: posts the ante 45
Hero: posts the ante 45
684a937b: posts the ante 45
804eb8c2: posts small blind 150
684a937b: posts big blind 300
*** HOLE CARDS ***
Dealt to 4f7073cf 
Dealt to 804eb8c2 
Dealt to 684a937b 
Dealt to Hero [8s 3h]
Dealt to 18e11707 
Dealt to def995ed 
Dealt to 36536b95 
Dealt to a33105c3 
Hero: folds
18e11707: raises 300 to 600
def995ed: calls 600
36536b95: folds
a33105c3: raises 1,958 to 2,558
4f7073cf: folds
804eb8c2: folds
684a937b: folds
18e11707: folds
def995ed: calls 1,958
*** FLOP *** [Qd 4h 5d]
def995ed: bets 3,263
a33105c3: calls 3,263
*** TURN *** [Qd 4h 5d] [6h]
def995ed: checks
a33105c3: checks
*** RIVER *** [Qd 4h 5d 6h] [9d]
def995ed: bets 4,308
a33105c3: calls 4,308
def995ed: shows [5s As] (Pair of Fives)
a33105c3: shows [Js Jh] (Pair of Jacks)
*** SHOWDOWN ***
a33105c3 collected 21,668 from pot
*** SUMMARY ***
Total pot 21,668 | Rake 0 | Jackpot 0 | Bingo 0 | Fortune 0 | Tax 0
Board [Qd 4h 5d 6h 9d]
Seat 1: 4f7073cf (button) folded before Flop
Seat 2: 804eb8c2 (small blind) folded before Flop
Seat 3: 684a937b (big blind) folded before Flop
Seat 4: Hero folded before Flop
Seat 5: 18e11707 folded before Flop
Seat 6: def995ed showed [5s As] and lost with Pair of Fives
Seat 7: 36536b95 folded before Flop
Seat 8: a33105c3 showed [Js Jh] and won (21,668) with Pair of Jacks


Poker Hand #TM3514942236: Tournament #154332637, Bounty Hunters Big One $1.08 Hold'em No Limit - Level6(150/300) - 2024/07/24 12:30:14
Table '129' 8-max Seat #8 is the button
Seat 1: 4f7073cf (14,188 in chips)
Seat 2: 804eb8c2 (16,648 in chips)
Seat 3: 684a937b (8,010 in chips)
Seat 4: Hero (34,263 in chips)
Seat 5: 18e11707 (9,233 in chips)
Seat 6: def995ed (16,460 in chips)
Seat 7: 36536b95 (11,867 in chips)
Seat 8: a33105c3 (16,653 in chips)
804eb8c2: posts the ante 45
def995ed: posts the ante 45
18e11707: posts the ante 45
36536b95: posts the ante 45
a33105c3: posts the ante 45
4f7073cf: posts the ante 45
Hero: posts the ante 45
684a937b: posts the ante 45
4f7073cf: posts small blind 150
804eb8c2: posts big blind 300
*** HOLE CARDS ***
Dealt to 4f7073cf 
Dealt to 804eb8c2 
Dealt to 684a937b 
Dealt to Hero [Tc 5c]
Dealt to 18e11707 
Dealt to def995ed 
Dealt to 36536b95 
Dealt to a33105c3 
684a937b: folds
Hero: folds
18e11707: folds
def995ed: folds
36536b95: raises 450 to 750
a33105c3: folds
4f7073cf: folds
804eb8c2: calls 450
*** FLOP *** [9s 8h 9h]
804eb8c2: checks
36536b95: bets 664
804eb8c2: folds
Uncalled bet (664) returned to 36536b95
*** SHOWDOWN ***
36536b95 collected 2,010 from pot
*** SUMMARY ***
Total pot 2,010 | Rake 0 | Jackpot 0 | Bingo 0 | Fortune 0 | Tax 0
Board [9s 8h 9h]
Seat 1: 4f7073cf (small blind) folded before Flop
Seat 2: 804eb8c2 (big blind) folded on the Flop
Seat 3: 684a937b folded before Flop
Seat 4: Hero folded before Flop
Seat 5: 18e11707 folded before Flop
Seat 6: def995ed folded before Flop
Seat 7: 36536b95 won (2,010)
Seat 8: a33105c3 (button) folded before Flop


Poker Hand #TM3514942218: Tournament #154332637, Bounty Hunters Big One $1.08 Hold'em No Limit - Level6(150/300) - 2024/07/24 12:29:37
Table '129' 8-max Seat #7 is the button
Seat 1: 4f7073cf (14,983 in chips)
Seat 2: 804eb8c2 (16,693 in chips)
Seat 3: 684a937b (8,055 in chips)
Seat 4: Hero (32,298 in chips)
Seat 5: 18e11707 (9,278 in chips)
Seat 6: def995ed (16,505 in chips)
Seat 7: 36536b95 (12,662 in chips)
Seat 8: a33105c3 (16,848 in chips)
804eb8c2: posts the ante 45
def995ed: posts the ante 45
18e11707: posts the ante 45
36536b95: posts the ante 45
4f7073cf: posts the ante 45
a33105c3: posts the ante 45
Hero: posts the ante 45
684a937b: posts the ante 45
a33105c3: posts small blind 150
4f7073cf: posts big blind 300
*** HOLE CARDS ***
Dealt to 4f7073cf 
Dealt to 804eb8c2 
Dealt to 684a937b 
Dealt to Hero [Jc Qc]
Dealt to 18e11707 
Dealt to def995ed 
Dealt to 36536b95 
Dealt to a33105c3 
804eb8c2: folds
684a937b: folds
Hero: raises 450 to 750
18e11707: folds
def995ed: folds
36536b95: calls 750
a33105c3: folds
4f7073cf: calls 450
*** FLOP *** [7d 4d Js]
4f7073cf: checks
Hero: bets 911
36536b95: folds
4f7073cf: folds
Uncalled bet (911) returned to Hero
*** SHOWDOWN ***
Hero collected 2,760 from pot
*** SUMMARY ***
Total pot 2,760 | Rake 0 | Jackpot 0 | Bingo 0 | Fortune 0 | Tax 0
Board [7d 4d Js]
Seat 1: 4f7073cf (big blind) folded on the Flop
Seat 2: 804eb8c2 folded before Flop
Seat 3: 684a937b folded before Flop
Seat 4: Hero won (2,760)
Seat 5: 18e11707 folded before Flop
Seat 6: def995ed folded before Flop
Seat 7: 36536b95 (button) folded on the Flop
Seat 8: a33105c3 (small blind) folded before Flop


Poker Hand #TM3514942196: Tournament #154332637, Bounty Hunters Big One $1.08 Hold'em No Limit - Level6(150/300) - 2024/07/24 12:28:56
Table '129' 8-max Seat #6 is the button
Seat 1: 4f7073cf (15,028 in chips)
Seat 2: 804eb8c2 (16,738 in chips)
Seat 3: 684a937b (8,100 in chips)
Seat 4: Hero (32,343 in chips)
Seat 5: 18e11707 (9,923 in chips)
Seat 6: def995ed (16,550 in chips)
Seat 7: 36536b95 (12,857 in chips)
Seat 8: a33105c3 (15,783 in chips)
804eb8c2: posts the ante 45
def995ed: posts the ante 45
18e11707: posts the ante 45
36536b95: posts the ante 45
4f7073cf: posts the ante 45
a33105c3: posts the ante 45
Hero: posts the ante 45
684a937b: posts the ante 45
36536b95: posts small blind 150
a33105c3: posts big blind 300
*** HOLE CARDS ***
Dealt to 4f7073cf 
Dealt to 804eb8c2 
Dealt to 684a937b 
Dealt to Hero [Jc 7s]
Dealt to 18e11707 
Dealt to def995ed 
Dealt to 36536b95 
Dealt to a33105c3 
4f7073cf: folds
804eb8c2: folds
684a937b: folds
Hero: folds
18e11707: raises 300 to 600
def995ed: folds
36536b95: folds
a33105c3: calls 300
*** FLOP *** [6s 8h 4d]
a33105c3: checks
18e11707: checks
*** TURN *** [6s 8h 4d] [3c]
a33105c3: bets 855
18e11707: folds
Uncalled bet (855) returned to a33105c3
a33105c3: shows [2h] (Eight-High)
*** SHOWDOWN ***
a33105c3 collected 1,710 from pot
*** SUMMARY ***
Total pot 1,710 | Rake 0 | Jackpot 0 | Bingo 0 | Fortune 0 | Tax 0
Board [6s 8h 4d 3c]
Seat 1: 4f7073cf folded before Flop
Seat 2: 804eb8c2 folded before Flop
Seat 3: 684a937b folded before Flop
Seat 4: Hero folded before Flop
Seat 5: 18e11707 folded on the Turn
Seat 6: def995ed (button) folded before Flop
Seat 7: 36536b95 (small blind) folded before Flop
Seat 8: a33105c3 (big blind) showed [2h] and won (1,710)


Poker Hand #TM3514942167: Tournament #154332637, Bounty Hunters Big One $1.08 Hold'em No Limit - Level6(150/300) - 2024/07/24 12:27:52
Table '129' 8-max Seat #5 is the button
Seat 1: 4f7073cf (12,800 in chips)
Seat 2: 804eb8c2 (16,783 in chips)
Seat 3: 684a937b (8,145 in chips)
Seat 4: Hero (32,388 in chips)
Seat 5: 18e11707 (9,968 in chips)
Seat 6: def995ed (17,195 in chips)
Seat 7: 36536b95 (14,215 in chips)
Seat 8: a33105c3 (15,828 in chips)
804eb8c2: posts the ante 45
def995ed: posts the ante 45
18e11707: posts the ante 45
36536b95: posts the ante 45
4f7073cf: posts the ante 45
a33105c3: posts the ante 45
Hero: posts the ante 45
684a937b: posts the ante 45
def995ed: posts small blind 150
36536b95: posts big blind 300
*** HOLE CARDS ***
Dealt to 4f7073cf 
Dealt to 804eb8c2 
Dealt to 684a937b 
Dealt to Hero [4c 2d]
Dealt to 18e11707 
Dealt to def995ed 
Dealt to 36536b95 
Dealt to a33105c3 
a33105c3: folds
4f7073cf: raises 300 to 600
804eb8c2: folds
684a937b: folds
Hero: folds
18e11707: folds
def995ed: calls 450
36536b95: calls 300
*** FLOP *** [Td Qs Kd]
def995ed: checks
36536b95: checks
4f7073cf: checks
*** TURN *** [Td Qs Kd] [5c]
def995ed: checks
36536b95: bets 713
4f7073cf: calls 713
def995ed: folds
*** RIVER *** [Td Qs Kd 5c] [Jh]
36536b95: checks
4f7073cf: bets 2,850
36536b95: folds
Uncalled bet (2,850) returned to 4f7073cf
*** SHOWDOWN ***
4f7073cf collected 3,586 from pot
*** SUMMARY ***
Total pot 3,586 | Rake 0 | Jackpot 0 | Bingo 0 | Fortune 0 | Tax 0
Board [Td Qs Kd 5c Jh]
Seat 1: 4f7073cf won (3,586)
Seat 2: 804eb8c2 folded before Flop
Seat 3: 684a937b folded before Flop
Seat 4: Hero folded before Flop
Seat 5: 18e11707 (button) folded before Flop
Seat 6: def995ed (small blind) folded on the Turn
Seat 7: 36536b95 (big blind) folded on the River
Seat 8: a33105c3 folded before Flop


Poker Hand #TM3514942132: Tournament #154332637, Bounty Hunters Big One $1.08 Hold'em No Limit - Level5(125/250) - 2024/07/24 12:26:42
Table '129' 8-max Seat #4 is the button
Seat 1: 4f7073cf (12,835 in chips)
Seat 2: 804eb8c2 (13,579 in chips)
Seat 3: 684a937b (8,805 in chips)
Seat 4: Hero (33,048 in chips)
Seat 5: 18e11707 (10,128 in chips)
Seat 6: def995ed (18,814 in chips)
Seat 7: 36536b95 (14,250 in chips)
Seat 8: a33105c3 (15,863 in chips)
804eb8c2: posts the ante 35
def995ed: posts the ante 35
18e11707: posts the ante 35
36536b95: posts the ante 35
4f7073cf: posts the ante 35
a33105c3: posts the ante 35
Hero: posts the ante 35
684a937b: posts the ante 35
18e11707: posts small blind 125
def995ed: posts big blind 250
*** HOLE CARDS ***
Dealt to 4f7073cf 
Dealt to 804eb8c2 
Dealt to 684a937b 
Dealt to Hero [Ks Js]
Dealt to 18e11707 
Dealt to def995ed 
Dealt to 36536b95 
Dealt to a33105c3 
36536b95: folds
a33105c3: folds
4f7073cf: folds
804eb8c2: raises 375 to 625
684a937b: calls 625
Hero: calls 625
18e11707: folds
def995ed: calls 375
*** FLOP *** [7d 5h 4s]
def995ed: checks
804eb8c2: bets 959
684a937b: folds
Hero: folds
def995ed: calls 959
*** TURN *** [7d 5h 4s] [7c]
def995ed: checks
804eb8c2: bets 2,412
def995ed: folds
Uncalled bet (2,412) returned to 804eb8c2
*** SHOWDOWN ***
804eb8c2 collected 4,823 from pot
*** SUMMARY ***
Total pot 4,823 | Rake 0 | Jackpot 0 | Bingo 0 | Fortune 0 | Tax 0
Board [7d 5h 4s 7c]
Seat 1: 4f7073cf folded before Flop
Seat 2: 804eb8c2 won (4,823)
Seat 3: 684a937b folded on the Flop
Seat 4: Hero (button) folded on the Flop
Seat 5: 18e11707 (small blind) folded before Flop
Seat 6: def995ed (big blind) folded on the Turn
Seat 7: 36536b95 folded before Flop
Seat 8: a33105c3 folded before Flop


Poker Hand #TM3514942110: Tournament #154332637, Bounty Hunters Big One $1.08 Hold'em No Limit - Level5(125/250) - 2024/07/24 12:26:02
Table '129' 8-max Seat #3 is the button
Seat 1: 4f7073cf (9,465 in chips)
Seat 2: 804eb8c2 (13,614 in chips)
Seat 3: 684a937b (8,840 in chips)
Seat 4: Hero (33,208 in chips)
Seat 5: 18e11707 (10,413 in chips)
Seat 6: def995ed (18,849 in chips)
Seat 7: 36536b95 (14,785 in chips)
Seat 8: a33105c3 (18,148 in chips)
804eb8c2: posts the ante 35
def995ed: posts the ante 35
18e11707: posts the ante 35
36536b95: posts the ante 35
4f7073cf: posts the ante 35
a33105c3: posts the ante 35
684a937b: posts the ante 35
Hero: posts the ante 35
Hero: posts small blind 125
18e11707: posts big blind 250
*** HOLE CARDS ***
Dealt to 4f7073cf 
Dealt to 804eb8c2 
Dealt to 684a937b 
Dealt to Hero [Th 2h]
Dealt to 18e11707 
Dealt to def995ed 
Dealt to 36536b95 
Dealt to a33105c3 
def995ed: folds
36536b95: raises 250 to 500
a33105c3: calls 500
4f7073cf: raises 1,750 to 2,250
804eb8c2: folds
684a937b: folds
Hero: folds
18e11707: folds
36536b95: folds
a33105c3: calls 1,750
*** FLOP *** [9s 8h 8d]
a33105c3: checks
4f7073cf: bets 1,875
a33105c3: folds
Uncalled bet (1,875) returned to 4f7073cf
*** SHOWDOWN ***
4f7073cf collected 5,655 from pot
*** SUMMARY ***
Total pot 5,655 | Rake 0 | Jackpot 0 | Bingo 0 | Fortune 0 | Tax 0
Board [9s 8h 8d]
Seat 1: 4f7073cf won (5,655)
Seat 2: 804eb8c2 folded before Flop
Seat 3: 684a937b (button) folded before Flop
Seat 4: Hero (small blind) folded before Flop
Seat 5: 18e11707 (big blind) folded before Flop
Seat 6: def995ed folded before Flop
Seat 7: 36536b95 folded before Flop
Seat 8: a33105c3 folded on the Flop


Poker Hand #TM3514942085: Tournament #154332637, Bounty Hunters Big One $1.08 Hold'em No Limit - Level5(125/250) - 2024/07/24 12:25:03
Table '129' 8-max Seat #2 is the button
Seat 1: 4f7073cf (10,000 in chips)
Seat 2: 804eb8c2 (13,649 in chips)
Seat 3: 684a937b (9,000 in chips)
Seat 4: Hero (30,885 in chips)
Seat 5: 18e11707 (10,448 in chips)
Seat 6: def995ed (18,884 in chips)
Seat 7: 36536b95 (14,820 in chips)
Seat 8: a33105c3 (19,636 in chips)
804eb8c2: posts the ante 35
def995ed: posts the ante 35
18e11707: posts the ante 35
36536b95: posts the ante 35
4f7073cf: posts the ante 35
a33105c3: posts the ante 35
Hero: posts the ante 35
684a937b: posts the ante 35
684a937b: posts small blind 125
Hero: posts big blind 250
*** HOLE CARDS ***
Dealt to 4f7073cf 
Dealt to 804eb8c2 
Dealt to 684a937b 
Dealt to Hero [7s 4h]
Dealt to 18e11707 
Dealt to def995ed 
Dealt to 36536b95 
Dealt to a33105c3 
18e11707: folds
def995ed: folds
36536b95: folds
a33105c3: raises 250 to 500
4f7073cf: calls 500
804eb8c2: folds
684a937b: folds
Hero: calls 250
*** FLOP *** [Td 7d 5h]
Hero: checks
a33105c3: checks
4f7073cf: checks
*** TURN *** [Td 7d 5h] [4s]
Hero: checks
a33105c3: bets 953
4f7073cf: folds
Hero: calls 953
*** RIVER *** [Td 7d 5h 4s] [3d]
Hero: checks
a33105c3: checks
Hero: shows [7s 4h] (Pair of Sevens and Pair of Fours)
a33105c3: shows [Ac 9d] (Ace-High)
36536b95: shows [7h 6s] (Sevens-High Straight)
*** SHOWDOWN ***
Hero collected 3,811 from pot
*** SUMMARY ***
Total pot 3,811 | Rake 0 | Jackpot 0 | Bingo 0 | Fortune 0 | Tax 0
Board [Td 7d 5h 4s 3d]
Seat 1: 4f7073cf folded on the Turn
Seat 2: 804eb8c2 (button) folded before Flop
Seat 3: 684a937b (small blind) folded before Flop
Seat 4: Hero (big blind) showed [7s 4h] and won (3,811) with Pair of Sevens and Pair of Fours
Seat 5: 18e11707 folded before Flop
Seat 6: def995ed folded before Flop
Seat 7: 36536b95 folded before Flop
Seat 8: a33105c3 showed [Ac 9d] and lost with Ace-High


Poker Hand #TM3514942047: Tournament #154332637, Bounty Hunters Big One $1.08 Hold'em No Limit - Level5(125/250) - 2024/07/24 12:23:39
Table '129' 8-max Seat #8 is the button
Seat 2: 804eb8c2 (6,612 in chips)
Seat 3: 684a937b (9,285 in chips)
Seat 4: Hero (30,920 in chips)
Seat 5: 18e11707 (10,483 in chips)
Seat 6: def995ed (25,496 in chips)
Seat 7: 36536b95 (14,855 in chips)
Seat 8: a33105c3 (19,671 in chips)
804eb8c2: posts the ante 35
def995ed: posts the ante 35
18e11707: posts the ante 35
36536b95: posts the ante 35
a33105c3: posts the ante 35
Hero: posts the ante 35
684a937b: posts the ante 35
804eb8c2: posts small blind 125
684a937b: posts big blind 250
*** HOLE CARDS ***
Dealt to 804eb8c2 
Dealt to 684a937b 
Dealt to Hero [6d Qc]
Dealt to 18e11707 
Dealt to def995ed 
Dealt to 36536b95 
Dealt to a33105c3 
Hero: folds
18e11707: folds
def995ed: raises 250 to 500
36536b95: folds
a33105c3: folds
804eb8c2: raises 748 to 1,248
684a937b: folds
def995ed: calls 748
*** FLOP *** [Th Ks Ts]
804eb8c2: bets 1,000
def995ed: calls 1,000
*** TURN *** [Th Ks Ts] [4d]
804eb8c2: bets 1,250
def995ed: raises 2,500 to 3,750
804eb8c2: raises 579 to 4,329 and is all-in
def995ed: calls 579
804eb8c2: shows [4s 4h] (Fours Full over Tens)
def995ed: shows [5s 6s] (Pair of Tens)
*** RIVER *** [Th Ks Ts 4d] [7s]
*** SHOWDOWN ***
804eb8c2 collected 13,649 from pot
*** SUMMARY ***
Total pot 13,649 | Rake 0 | Jackpot 0 | Bingo 0 | Fortune 0 | Tax 0
Board [Th Ks Ts 4d 7s]
Seat 2: 804eb8c2 (small blind) showed [4s 4h] and won (13,649) with Fours Full over Tens
Seat 3: 684a937b (big blind) folded before Flop
Seat 4: Hero folded before Flop
Seat 5: 18e11707 folded before Flop
Seat 6: def995ed showed [5s 6s] and lost with King High Flush
Seat 7: 36536b95 folded before Flop
Seat 8: a33105c3 (button) folded before Flop


Poker Hand #TM3514942025: Tournament #154332637, Bounty Hunters Big One $1.08 Hold'em No Limit - Level5(125/250) - 2024/07/24 12:22:48
Table '129' 8-max Seat #7 is the button
Seat 1: 88d1a9e (9,990 in chips)
Seat 2: 804eb8c2 (6,647 in chips)
Seat 3: 684a937b (9,320 in chips)
Seat 4: Hero (31,205 in chips)
Seat 5: 18e11707 (2,492 in chips)
Seat 6: def995ed (11,491 in chips)
Seat 7: 36536b95 (26,346 in chips)
Seat 8: a33105c3 (19,831 in chips)
88d1a9e: posts the ante 35
804eb8c2: posts the ante 35
def995ed: posts the ante 35
18e11707: posts the ante 35
36536b95: posts the ante 35
a33105c3: posts the ante 35
Hero: posts the ante 35
684a937b: posts the ante 35
a33105c3: posts small blind 125
88d1a9e: posts big blind 250
*** HOLE CARDS ***
Dealt to 88d1a9e 
Dealt to 804eb8c2 
Dealt to 684a937b 
Dealt to Hero [9c 9d]
Dealt to 18e11707 
Dealt to def995ed 
Dealt to 36536b95 
Dealt to a33105c3 
804eb8c2: folds
684a937b: folds
Hero: calls 250
18e11707: raises 2,207 to 2,457 and is all-in
def995ed: raises 8,999 to 11,456 and is all-in
36536b95: raises 14,855 to 26,311 and is all-in
a33105c3: folds
88d1a9e: calls 9,705 and is all-in
Hero: folds
Uncalled bet (14,855) returned to 36536b95
36536b95: shows [Ks Qs]
88d1a9e: shows [6s Ah]
18e11707: shows [7s 7c]
def995ed: shows [6c 6d]
*** FLOP *** [9s 5s 5c]
*** TURN *** [9s 5s 5c] [7d]
*** RIVER *** [9s 5s 5c 7d] [5h]
Hero: shows [9c 9d] (Nines Full over Fives)
*** SHOWDOWN ***
18e11707 collected 10,483 from pot
def995ed collected 22,494 from pot
def995ed collected 3,002 from pot
*** SUMMARY ***
Total pot 35,979 | Rake 0 | Jackpot 0 | Bingo 0 | Fortune 0 | Tax 0
Board [9s 5s 5c 7d 5h]
Seat 1: 88d1a9e (big blind) showed [6s Ah] and lost with Three Fives
Seat 2: 804eb8c2 folded before Flop
Seat 3: 684a937b folded before Flop
Seat 4: Hero folded before Flop
Seat 5: 18e11707 showed [7s 7c] and won (10,483) with Sevens Full over Fives
Seat 6: def995ed showed [6c 6d] and won (25,496) with Fives Full over Sixes
Seat 7: 36536b95 (button) showed [Ks Qs] and lost with Three Fives
Seat 8: a33105c3 (small blind) folded before Flop


Poker Hand #TM3514941992: Tournament #154332637, Bounty Hunters Big One $1.08 Hold'em No Limit - Level5(125/250) - 2024/07/24 12:21:39
Table '129' 8-max Seat #6 is the button
Seat 1: 88d1a9e (10,025 in chips)
Seat 2: 804eb8c2 (7,770 in chips)
Seat 3: 684a937b (9,355 in chips)
Seat 4: Hero (31,240 in chips)
Seat 5: 18e11707 (2,527 in chips)
Seat 6: def995ed (11,526 in chips)
Seat 7: 36536b95 (25,697 in chips)
Seat 8: a33105c3 (19,182 in chips)
88d1a9e: posts the ante 35
804eb8c2: posts the ante 35
def995ed: posts the ante 35
18e11707: posts the ante 35
36536b95: posts the ante 35
a33105c3: posts the ante 35
Hero: posts the ante 35
684a937b: posts the ante 35
36536b95: posts small blind 125
a33105c3: posts big blind 250
*** HOLE CARDS ***
Dealt to 88d1a9e 
Dealt to 804eb8c2 
Dealt to 684a937b 
Dealt to Hero [4s Kd]
Dealt to 18e11707 
Dealt to def995ed 
Dealt to 36536b95 
Dealt to a33105c3 
88d1a9e: folds
804eb8c2: raises 250 to 500
684a937b: folds
Hero: folds
18e11707: folds
def995ed: folds
36536b95: calls 375
a33105c3: calls 250
*** FLOP *** [Jd Ks Ad]
36536b95: checks
a33105c3: checks
804eb8c2: bets 588
36536b95: calls 588
a33105c3: calls 588
*** TURN *** [Jd Ks Ad] [2s]
36536b95: checks
a33105c3: checks
804eb8c2: checks
*** RIVER *** [Jd Ks Ad 2s] [Qs]
36536b95: checks
a33105c3: checks
804eb8c2: checks
36536b95: shows [3d Qd] (Pair of Queens)
a33105c3: shows [6c Qc] (Pair of Queens)
804eb8c2: shows [4d 5d] (Ace-High)
*** SHOWDOWN ***
36536b95 collected 1,772 from pot
a33105c3 collected 1,772 from pot
*** SUMMARY ***
Total pot 3,544 | Rake 0 | Jackpot 0 | Bingo 0 | Fortune 0 | Tax 0
Board [Jd Ks Ad 2s Qs]
Seat 1: 88d1a9e folded before Flop
Seat 2: 804eb8c2 showed [4d 5d] and lost with Ace-High
Seat 3: 684a937b folded before Flop
Seat 4: Hero folded before Flop
Seat 5: 18e11707 folded before Flop
Seat 6: def995ed (button) folded before Flop
Seat 7: 36536b95 (small blind) showed [3d Qd] and won (1,772) with Pair of Queens
Seat 8: a33105c3 (big blind) showed [6c Qc] and won (1,772) with Pair of Queens


Poker Hand #TM3514941969: Tournament #154332637, Bounty Hunters Big One $1.08 Hold'em No Limit - Level5(125/250) - 2024/07/24 12:20:54
Table '129' 8-max Seat #5 is the button
Seat 1: 88d1a9e (11,478 in chips)
Seat 2: 804eb8c2 (7,805 in chips)
Seat 3: 684a937b (9,390 in chips)
Seat 4: Hero (31,275 in chips)
Seat 5: 18e11707 (3,062 in chips)
Seat 6: def995ed (8,363 in chips)
Seat 7: 36536b95 (26,232 in chips)
Seat 8: a33105c3 (19,717 in chips)
88d1a9e: posts the ante 35
804eb8c2: posts the ante 35
def995ed: posts the ante 35
18e11707: posts the ante 35
36536b95: posts the ante 35
a33105c3: posts the ante 35
Hero: posts the ante 35
684a937b: posts the ante 35
def995ed: posts small blind 125
36536b95: posts big blind 250
*** HOLE CARDS ***
Dealt to 88d1a9e 
Dealt to 804eb8c2 
Dealt to 684a937b 
Dealt to Hero [4d 2s]
Dealt to 18e11707 
Dealt to def995ed 
Dealt to 36536b95 
Dealt to a33105c3 
a33105c3: raises 250 to 500
88d1a9e: calls 500
804eb8c2: folds
684a937b: folds
Hero: folds
18e11707: calls 500
def995ed: calls 375
36536b95: calls 250
*** FLOP *** [6s Qd 3d]
def995ed: bets 918
36536b95: folds
a33105c3: folds
88d1a9e: calls 918
18e11707: folds
*** TURN *** [6s Qd 3d] [Ac]
def995ed: checks
88d1a9e: checks
*** RIVER *** [6s Qd 3d Ac] [5h]
def995ed: bets 3,462
88d1a9e: folds
Uncalled bet (3,462) returned to def995ed
Hero: shows [4d 2s] (Sixes-High Straight)
*** SHOWDOWN ***
def995ed collected 4,616 from pot
*** SUMMARY ***
Total pot 4,616 | Rake 0 | Jackpot 0 | Bingo 0 | Fortune 0 | Tax 0
Board [6s Qd 3d Ac 5h]
Seat 1: 88d1a9e folded on the River
Seat 2: 804eb8c2 folded before Flop
Seat 3: 684a937b folded before Flop
Seat 4: Hero folded before Flop
Seat 5: 18e11707 (button) folded on the Flop
Seat 6: def995ed (small blind) won (4,616)
Seat 7: 36536b95 (big blind) folded on the Flop
Seat 8: a33105c3 folded on the Flop


Poker Hand #TM3514941948: Tournament #154332637, Bounty Hunters Big One $1.08 Hold'em No Limit - Level5(125/250) - 2024/07/24 12:20:09
Table '129' 8-max Seat #4 is the button
Seat 1: 88d1a9e (8,233 in chips)
Seat 2: 804eb8c2 (7,840 in chips)
Seat 3: 684a937b (9,425 in chips)
Seat 4: Hero (31,310 in chips)
Seat 5: 18e11707 (4,597 in chips)
Seat 6: def995ed (9,898 in chips)
Seat 7: 36536b95 (26,267 in chips)
Seat 8: a33105c3 (19,752 in chips)
88d1a9e: posts the ante 35
804eb8c2: posts the ante 35
def995ed: posts the ante 35
18e11707: posts the ante 35
36536b95: posts the ante 35
a33105c3: posts the ante 35
Hero: posts the ante 35
684a937b: posts the ante 35
18e11707: posts small blind 125
def995ed: posts big blind 250
*** HOLE CARDS ***
Dealt to 88d1a9e 
Dealt to 804eb8c2 
Dealt to 684a937b 
Dealt to Hero [5s Ah]
Dealt to 18e11707 
Dealt to def995ed 
Dealt to 36536b95 
Dealt to a33105c3 
36536b95: folds
a33105c3: folds
88d1a9e: raises 250 to 500
804eb8c2: folds
684a937b: folds
Hero: folds
18e11707: calls 375
def995ed: raises 1,000 to 1,500
88d1a9e: calls 1,000
18e11707: calls 1,000
*** FLOP *** [Jd 3c 6s]
18e11707: checks
def995ed: checks
88d1a9e: bets 6,698 and is all-in
18e11707: folds
def995ed: folds
Uncalled bet (6,698) returned to 88d1a9e
*** SHOWDOWN ***
88d1a9e collected 4,780 from pot
*** SUMMARY ***
Total pot 4,780 | Rake 0 | Jackpot 0 | Bingo 0 | Fortune 0 | Tax 0
Board [Jd 3c 6s]
Seat 1: 88d1a9e won (4,780)
Seat 2: 804eb8c2 folded before Flop
Seat 3: 684a937b folded before Flop
Seat 4: Hero (button) folded before Flop
Seat 5: 18e11707 (small blind) folded on the Flop
Seat 6: def995ed (big blind) folded on the Flop
Seat 7: 36536b95 folded before Flop
Seat 8: a33105c3 folded before Flop


Poker Hand #TM3514941914: Tournament #154332637, Bounty Hunters Big One $1.08 Hold'em No Limit - Level5(125/250) - 2024/07/24 12:18:53
Table '129' 8-max Seat #3 is the button
Seat 1: 88d1a9e (12,846 in chips)
Seat 2: 804eb8c2 (7,875 in chips)
Seat 3: 684a937b (9,460 in chips)
Seat 4: Hero (31,470 in chips)
Seat 5: 18e11707 (4,882 in chips)
Seat 6: def995ed (9,933 in chips)
Seat 7: 36536b95 (26,802 in chips)
Seat 8: a33105c3 (14,054 in chips)
88d1a9e: posts the ante 35
804eb8c2: posts the ante 35
def995ed: posts the ante 35
18e11707: posts the ante 35
36536b95: posts the ante 35
a33105c3: posts the ante 35
684a937b: posts the ante 35
Hero: posts the ante 35
Hero: posts small blind 125
18e11707: posts big blind 250
*** HOLE CARDS ***
Dealt to 88d1a9e 
Dealt to 804eb8c2 
Dealt to 684a937b 
Dealt to Hero [2h 9s]
Dealt to 18e11707 
Dealt to def995ed 
Dealt to 36536b95 
Dealt to a33105c3 
def995ed: folds
36536b95: raises 250 to 500
a33105c3: calls 500
88d1a9e: raises 1,500 to 2,000
804eb8c2: folds
684a937b: folds
Hero: folds
18e11707: folds
36536b95: folds
a33105c3: calls 1,500
*** FLOP *** [Js 8s Ah]
a33105c3: checks
88d1a9e: bets 2,578
a33105c3: calls 2,578
*** TURN *** [Js 8s Ah] [9d]
a33105c3: checks
88d1a9e: checks
*** RIVER *** [Js 8s Ah 9d] [3d]
a33105c3: bets 8,250
88d1a9e: folds
Uncalled bet (8,250) returned to a33105c3
*** SHOWDOWN ***
a33105c3 collected 10,311 from pot
*** SUMMARY ***
Total pot 10,311 | Rake 0 | Jackpot 0 | Bingo 0 | Fortune 0 | Tax 0
Board [Js 8s Ah 9d 3d]
Seat 1: 88d1a9e folded on the River
Seat 2: 804eb8c2 folded before Flop
Seat 3: 684a937b (button) folded before Flop
Seat 4: Hero (small blind) folded before Flop
Seat 5: 18e11707 (big blind) folded before Flop
Seat 6: def995ed folded before Flop
Seat 7: 36536b95 folded before Flop
Seat 8: a33105c3 won (10,311)


Poker Hand #TM3514941892: Tournament #154332637, Bounty Hunters Big One $1.08 Hold'em No Limit - Level5(125/250) - 2024/07/24 12:18:12
Table '129' 8-max Seat #2 is the button
Seat 1: 88d1a9e (12,881 in chips)
Seat 2: 804eb8c2 (7,910 in chips)
Seat 3: 684a937b (9,620 in chips)
Seat 4: Hero (32,005 in chips)
Seat 5: 18e11707 (4,917 in chips)
Seat 6: def995ed (10,468 in chips)
Seat 7: 36536b95 (25,432 in chips)
Seat 8: a33105c3 (14,089 in chips)
88d1a9e: posts the ante 35
804eb8c2: posts the ante 35
def995ed: posts the ante 35
18e11707: posts the ante 35
36536b95: posts the ante 35
a33105c3: posts the ante 35
Hero: posts the ante 35
684a937b: posts the ante 35
684a937b: posts small blind 125
Hero: posts big blind 250
*** HOLE CARDS ***
Dealt to 88d1a9e 
Dealt to 804eb8c2 
Dealt to 684a937b 
Dealt to Hero [2s 8c]
Dealt to 18e11707 
Dealt to def995ed 
Dealt to 36536b95 
Dealt to a33105c3 
18e11707: folds
def995ed: raises 250 to 500
36536b95: calls 500
a33105c3: folds
88d1a9e: folds
804eb8c2: folds
684a937b: folds
Hero: calls 250
*** FLOP *** [8d Ah Jh]
Hero: checks
def995ed: checks
36536b95: bets 629
Hero: folds
def995ed: folds
Uncalled bet (629) returned to 36536b95
*** SHOWDOWN ***
36536b95 collected 1,905 from pot
*** SUMMARY ***
Total pot 1,905 | Rake 0 | Jackpot 0 | Bingo 0 | Fortune 0 | Tax 0
Board [8d Ah Jh]
Seat 1: 88d1a9e folded before Flop
Seat 2: 804eb8c2 (button) folded before Flop
Seat 3: 684a937b (small blind) folded before Flop
Seat 4: Hero (big blind) folded on the Flop
Seat 5: 18e11707 folded before Flop
Seat 6: def995ed folded on the Flop
Seat 7: 36536b95 won (1,905)
Seat 8: a33105c3 folded before Flop


Poker Hand #TM3514941872: Tournament #154332637, Bounty Hunters Big One $1.08 Hold'em No Limit - Level4(100/200) - 2024/07/24 12:17:10
Table '129' 8-max Seat #1 is the button
Seat 1: 88d1a9e (17,041 in chips)
Seat 2: 804eb8c2 (8,540 in chips)
Seat 3: 684a937b (9,850 in chips)
Seat 4: Hero (32,035 in chips)
Seat 5: 18e11707 (4,947 in chips)
Seat 6: def995ed (10,498 in chips)
Seat 7: 36536b95 (20,292 in chips)
Seat 8: a33105c3 (14,119 in chips)
88d1a9e: posts the ante 30
804eb8c2: posts the ante 30
def995ed: posts the ante 30
18e11707: posts the ante 30
36536b95: posts the ante 30
a33105c3: posts the ante 30
Hero: posts the ante 30
684a937b: posts the ante 30
804eb8c2: posts small blind 100
684a937b: posts big blind 200
*** HOLE CARDS ***
Dealt to 88d1a9e 
Dealt to 804eb8c2 
Dealt to 684a937b 
Dealt to Hero [Qh 6s]
Dealt to 18e11707 
Dealt to def995ed 
Dealt to 36536b95 
Dealt to a33105c3 
Hero: folds
18e11707: folds
def995ed: folds
36536b95: raises 200 to 400
a33105c3: folds
88d1a9e: raises 200 to 600
804eb8c2: calls 500
684a937b: folds
36536b95: calls 200
*** FLOP *** [2d 7c Ac]
804eb8c2: checks
36536b95: checks
88d1a9e: bets 740
804eb8c2: folds
36536b95: calls 740
*** TURN *** [2d 7c Ac] [8s]
36536b95: checks
88d1a9e: bets 2,790
36536b95: calls 2,790
*** RIVER *** [2d 7c Ac 8s] [Qc]
36536b95: checks
88d1a9e: checks
36536b95: shows [2c Tc] (Ace High Flush)
88d1a9e: shows [8d 7d] (Pair of Eights and Pair of Sevens)
*** SHOWDOWN ***
36536b95 collected 9,300 from pot
*** SUMMARY ***
Total pot 9,300 | Rake 0 | Jackpot 0 | Bingo 0 | Fortune 0 | Tax 0
Board [2d 7c Ac 8s Qc]
Seat 1: 88d1a9e (button) showed [8d 7d] and lost with Pair of Eights and Pair of Sevens
Seat 2: 804eb8c2 (small blind) folded on the Flop
Seat 3: 684a937b (big blind) folded before Flop
Seat 4: Hero folded before Flop
Seat 5: 18e11707 folded before Flop
Seat 6: def995ed folded before Flop
Seat 7: 36536b95 showed [2c Tc] and won (9,300) with Ace High Flush
Seat 8: a33105c3 folded before Flop


Poker Hand #TM3514941854: Tournament #154332637, Bounty Hunters Big One $1.08 Hold'em No Limit - Level4(100/200) - 2024/07/24 12:16:32
Table '129' 8-max Seat #8 is the button
Seat 1: 88d1a9e (17,171 in chips)
Seat 2: 804eb8c2 (8,770 in chips)
Seat 3: 684a937b (9,880 in chips)
Seat 4: Hero (32,465 in chips)
Seat 5: 18e11707 (4,977 in chips)
Seat 6: def995ed (10,528 in chips)
Seat 7: 36536b95 (19,382 in chips)
Seat 8: a33105c3 (14,149 in chips)
88d1a9e: posts the ante 30
804eb8c2: posts the ante 30
def995ed: posts the ante 30
18e11707: posts the ante 30
36536b95: posts the ante 30
a33105c3: posts the ante 30
Hero: posts the ante 30
684a937b: posts the ante 30
88d1a9e: posts small blind 100
804eb8c2: posts big blind 200
*** HOLE CARDS ***
Dealt to 88d1a9e 
Dealt to 804eb8c2 
Dealt to 684a937b 
Dealt to Hero [Td Jc]
Dealt to 18e11707 
Dealt to def995ed 
Dealt to 36536b95 
Dealt to a33105c3 
684a937b: folds
Hero: raises 200 to 400
18e11707: folds
def995ed: folds
36536b95: raises 1,005 to 1,405
a33105c3: folds
88d1a9e: folds
804eb8c2: folds
Hero: folds
Uncalled bet (1,005) returned to 36536b95
*** SHOWDOWN ***
36536b95 collected 1,340 from pot
*** SUMMARY ***
Total pot 1,340 | Rake 0 | Jackpot 0 | Bingo 0 | Fortune 0 | Tax 0
Seat 1: 88d1a9e (small blind) folded before Flop
Seat 2: 804eb8c2 (big blind) folded before Flop
Seat 3: 684a937b folded before Flop
Seat 4: Hero folded before Flop
Seat 5: 18e11707 folded before Flop
Seat 6: def995ed folded before Flop
Seat 7: 36536b95 collected (1,340)
Seat 8: a33105c3 (button) folded before Flop


Poker Hand #TM3514941823: Tournament #154332637, Bounty Hunters Big One $1.08 Hold'em No Limit - Level4(100/200) - 2024/07/24 12:15:30
Table '129' 8-max Seat #7 is the button
Seat 1: 88d1a9e (17,401 in chips)
Seat 2: 804eb8c2 (10,000 in chips)
Seat 3: 684a937b (9,910 in chips)
Seat 4: Hero (32,895 in chips)
Seat 5: 18e11707 (5,007 in chips)
Seat 6: def995ed (8,418 in chips)
Seat 7: 36536b95 (19,412 in chips)
Seat 8: a33105c3 (14,279 in chips)
88d1a9e: posts the ante 30
804eb8c2: posts the ante 30
def995ed: posts the ante 30
18e11707: posts the ante 30
36536b95: posts the ante 30
a33105c3: posts the ante 30
Hero: posts the ante 30
684a937b: posts the ante 30
a33105c3: posts small blind 100
88d1a9e: posts big blind 200
*** HOLE CARDS ***
Dealt to 88d1a9e 
Dealt to 804eb8c2 
Dealt to 684a937b 
Dealt to Hero [3c 4s]
Dealt to 18e11707 
Dealt to def995ed 
Dealt to 36536b95 
Dealt to a33105c3 
804eb8c2: raises 200 to 400
684a937b: folds
Hero: calls 400
18e11707: folds
def995ed: raises 800 to 1,200
36536b95: folds
a33105c3: folds
88d1a9e: folds
804eb8c2: calls 800
Hero: folds
*** FLOP *** [9s 5c Tc]
804eb8c2: checks
def995ed: bets 1,103
804eb8c2: folds
Uncalled bet (1,103) returned to def995ed
*** SHOWDOWN ***
def995ed collected 3,340 from pot
*** SUMMARY ***
Total pot 3,340 | Rake 0 | Jackpot 0 | Bingo 0 | Fortune 0 | Tax 0
Board [9s 5c Tc]
Seat 1: 88d1a9e (big blind) folded before Flop
Seat 2: 804eb8c2 folded on the Flop
Seat 3: 684a937b folded before Flop
Seat 4: Hero folded before Flop
Seat 5: 18e11707 folded before Flop
Seat 6: def995ed won (3,340)
Seat 7: 36536b95 (button) folded before Flop
Seat 8: a33105c3 (small blind) folded before Flop


Poker Hand #TM3514941786: Tournament #154332637, Bounty Hunters Big One $1.08 Hold'em No Limit - Level4(100/200) - 2024/07/24 12:14:17
Table '129' 8-max Seat #6 is the button
Seat 1: 88d1a9e (17,431 in chips)
Seat 3: 684a937b (9,940 in chips)
Seat 4: Hero (31,515 in chips)
Seat 5: 18e11707 (5,037 in chips)
Seat 6: def995ed (8,848 in chips)
Seat 7: 36536b95 (19,842 in chips)
Seat 8: a33105c3 (14,709 in chips)
88d1a9e: posts the ante 30
def995ed: posts the ante 30
18e11707: posts the ante 30
36536b95: posts the ante 30
a33105c3: posts the ante 30
Hero: posts the ante 30
684a937b: posts the ante 30
36536b95: posts small blind 100
a33105c3: posts big blind 200
*** HOLE CARDS ***
Dealt to 88d1a9e 
Dealt to 684a937b 
Dealt to Hero [4h 5h]
Dealt to 18e11707 
Dealt to def995ed 
Dealt to 36536b95 
Dealt to a33105c3 
88d1a9e: folds
684a937b: folds
Hero: raises 200 to 400
18e11707: folds
def995ed: calls 400
36536b95: calls 300
a33105c3: calls 200
*** FLOP *** [6d 3h Kh]
36536b95: checks
a33105c3: checks
Hero: checks
def995ed: checks
*** TURN *** [6d 3h Kh] [9h]
36536b95: checks
a33105c3: checks
Hero: checks
def995ed: checks
*** RIVER *** [6d 3h Kh 9h] [3c]
36536b95: checks
a33105c3: checks
Hero: bets 905
def995ed: folds
36536b95: folds
a33105c3: folds
Uncalled bet (905) returned to Hero
*** SHOWDOWN ***
Hero collected 1,810 from pot
*** SUMMARY ***
Total pot 1,810 | Rake 0 | Jackpot 0 | Bingo 0 | Fortune 0 | Tax 0
Board [6d 3h Kh 9h 3c]
Seat 1: 88d1a9e folded before Flop
Seat 3: 684a937b folded before Flop
Seat 4: Hero won (1,810)
Seat 5: 18e11707 folded before Flop
Seat 6: def995ed (button) folded on the River
Seat 7: 36536b95 (small blind) folded on the River
Seat 8: a33105c3 (big blind) folded on the River


Poker Hand #TM3514941765: Tournament #154332637, Bounty Hunters Big One $1.08 Hold'em No Limit - Level4(100/200) - 2024/07/24 12:13:32
Table '129' 8-max Seat #5 is the button
Seat 1: 88d1a9e (21,620 in chips)
Seat 2: 411b7ef9 (16,521 in chips)
Seat 3: 684a937b (9,970 in chips)
Seat 4: Hero (10,355 in chips)
Seat 5: 18e11707 (5,067 in chips)
Seat 6: def995ed (8,978 in chips)
Seat 7: 36536b95 (20,072 in chips)
Seat 8: a33105c3 (14,739 in chips)
411b7ef9: posts the ante 30
88d1a9e: posts the ante 30
def995ed: posts the ante 30
18e11707: posts the ante 30
36536b95: posts the ante 30
a33105c3: posts the ante 30
Hero: posts the ante 30
684a937b: posts the ante 30
def995ed: posts small blind 100
36536b95: posts big blind 200
*** HOLE CARDS ***
Dealt to 88d1a9e 
Dealt to 411b7ef9 
Dealt to 684a937b 
Dealt to Hero [Kc Kh]
Dealt to 18e11707 
Dealt to def995ed 
Dealt to 36536b95 
Dealt to a33105c3 
a33105c3: folds
88d1a9e: raises 200 to 400
411b7ef9: raises 443 to 843
684a937b: folds
Hero: raises 9,482 to 10,325 and is all-in
18e11707: folds
def995ed: folds
36536b95: folds
88d1a9e: raises 9,482 to 19,807
411b7ef9: calls 15,648 and is all-in
Uncalled bet (3,316) returned to 88d1a9e
88d1a9e: shows [Ts Td]
411b7ef9: shows [As 9d]
Hero: shows [Kc Kh]
*** FLOP *** [Kd 7s Tc]
*** TURN *** [Kd 7s Tc] [2s]
*** RIVER *** [Kd 7s Tc 2s] [3s]
36536b95: shows [Ks] (Pair of Kings)
*** SHOWDOWN ***
Hero collected 31,515 from pot
88d1a9e collected 12,332 from pot
*** SUMMARY ***
Total pot 43,847 | Rake 0 | Jackpot 0 | Bingo 0 | Fortune 0 | Tax 0
Board [Kd 7s Tc 2s 3s]
Seat 1: 88d1a9e showed [Ts Td] and won (12,332) with Three Tens
Seat 2: 411b7ef9 showed [As 9d] and lost with Ace-High
Seat 3: 684a937b folded before Flop
Seat 4: Hero showed [Kc Kh] and won (31,515) with Three Kings
Seat 5: 18e11707 (button) folded before Flop
Seat 6: def995ed (small blind) folded before Flop
Seat 7: 36536b95 (big blind) folded before Flop
Seat 8: a33105c3 folded before Flop


Poker Hand #TM3514941735: Tournament #154332637, Bounty Hunters Big One $1.08 Hold'em No Limit - Level4(100/200) - 2024/07/24 12:12:36
Table '129' 8-max Seat #4 is the button
Seat 1: 88d1a9e (21,650 in chips)
Seat 2: 411b7ef9 (16,551 in chips)
Seat 3: 684a937b (10,000 in chips)
Seat 4: Hero (8,736 in chips)
Seat 5: 18e11707 (5,197 in chips)
Seat 6: def995ed (9,408 in chips)
Seat 7: 36536b95 (20,102 in chips)
Seat 8: a33105c3 (15,678 in chips)
411b7ef9: posts the ante 30
88d1a9e: posts the ante 30
def995ed: posts the ante 30
18e11707: posts the ante 30
36536b95: posts the ante 30
a33105c3: posts the ante 30
Hero: posts the ante 30
684a937b: posts the ante 30
18e11707: posts small blind 100
def995ed: posts big blind 200
*** HOLE CARDS ***
Dealt to 88d1a9e 
Dealt to 411b7ef9 
Dealt to 684a937b 
Dealt to Hero [9d Td]
Dealt to 18e11707 
Dealt to def995ed 
Dealt to 36536b95 
Dealt to a33105c3 
36536b95: folds
a33105c3: raises 200 to 400
88d1a9e: folds
411b7ef9: folds
684a937b: folds
Hero: calls 400
18e11707: folds
def995ed: calls 200
*** FLOP *** [Kd 5d Jh]
def995ed: checks
a33105c3: bets 509
Hero: raises 7,797 to 8,306 and is all-in
def995ed: folds
a33105c3: folds
Uncalled bet (7,797) returned to Hero
*** SHOWDOWN ***
Hero collected 2,558 from pot
*** SUMMARY ***
Total pot 2,558 | Rake 0 | Jackpot 0 | Bingo 0 | Fortune 0 | Tax 0
Board [Kd 5d Jh]
Seat 1: 88d1a9e folded before Flop
Seat 2: 411b7ef9 folded before Flop
Seat 3: 684a937b folded before Flop
Seat 4: Hero (button) won (2,558)
Seat 5: 18e11707 (small blind) folded before Flop
Seat 6: def995ed (big blind) folded on the Flop
Seat 7: 36536b95 folded before Flop
Seat 8: a33105c3 folded on the Flop


Poker Hand #TM3514941700: Tournament #154332637, Bounty Hunters Big One $1.08 Hold'em No Limit - Level4(100/200) - 2024/07/24 12:11:22
Table '129' 8-max Seat #2 is the button
Seat 1: 88d1a9e (10,000 in chips)
Seat 2: 411b7ef9 (17,581 in chips)
Seat 4: Hero (8,866 in chips)
Seat 5: 18e11707 (15,197 in chips)
Seat 6: def995ed (9,438 in chips)
Seat 7: 36536b95 (20,532 in chips)
Seat 8: a33105c3 (15,708 in chips)
411b7ef9: posts the ante 30
88d1a9e: posts the ante 30
def995ed: posts the ante 30
18e11707: posts the ante 30
36536b95: posts the ante 30
a33105c3: posts the ante 30
Hero: posts the ante 30
Hero: posts small blind 100
18e11707: posts big blind 200
*** HOLE CARDS ***
Dealt to 88d1a9e 
Dealt to 411b7ef9 
Dealt to Hero [8d 4s]
Dealt to 18e11707 
Dealt to def995ed 
Dealt to 36536b95 
Dealt to a33105c3 
def995ed: folds
36536b95: raises 200 to 400
a33105c3: folds
88d1a9e: raises 600 to 1,000
411b7ef9: calls 1,000
Hero: folds
18e11707: raises 14,167 to 15,167 and is all-in
36536b95: folds
88d1a9e: calls 8,970 and is all-in
411b7ef9: folds
Uncalled bet (5,197) returned to 18e11707
18e11707: shows [Ks Kd]
88d1a9e: shows [As Jh]
*** FLOP *** [Jd 9d Ah]
*** TURN *** [Jd 9d Ah] [3s]
*** RIVER *** [Jd 9d Ah 3s] [7d]
36536b95: shows [4d 5d] (Jack High Flush)
*** SHOWDOWN ***
88d1a9e collected 21,650 from pot
*** SUMMARY ***
Total pot 21,650 | Rake 0 | Jackpot 0 | Bingo 0 | Fortune 0 | Tax 0
Board [Jd 9d Ah 3s 7d]
Seat 1: 88d1a9e showed [As Jh] and won (21,650) with Pair of Aces and Pair of Jacks
Seat 2: 411b7ef9 (button) folded before Flop
Seat 4: Hero (small blind) folded before Flop
Seat 5: 18e11707 (big blind) showed [Ks Kd] and lost with Pair of Kings
Seat 6: def995ed folded before Flop
Seat 7: 36536b95 folded before Flop
Seat 8: a33105c3 folded before Flop


Poker Hand #TM3514941665: Tournament #154332637, Bounty Hunters Big One $1.08 Hold'em No Limit - Level4(100/200) - 2024/07/24 12:10:20
Table '129' 8-max Seat #8 is the button
Seat 1: 24b5d1ca (7,406 in chips)
Seat 2: 411b7ef9 (7,630 in chips)
Seat 3: 73e67e68 (2,395 in chips)
Seat 4: Hero (8,896 in chips)
Seat 5: 18e11707 (15,227 in chips)
Seat 6: def995ed (9,468 in chips)
Seat 7: 36536b95 (20,562 in chips)
Seat 8: a33105c3 (15,738 in chips)
411b7ef9: posts the ante 30
def995ed: posts the ante 30
18e11707: posts the ante 30
24b5d1ca: posts the ante 30
36536b95: posts the ante 30
a33105c3: posts the ante 30
73e67e68: posts the ante 30
Hero: posts the ante 30
24b5d1ca: posts small blind 100
411b7ef9: posts big blind 200
*** HOLE CARDS ***
Dealt to 24b5d1ca 
Dealt to 411b7ef9 
Dealt to 73e67e68 
Dealt to Hero [3s 9d]
Dealt to 18e11707 
Dealt to def995ed 
Dealt to 36536b95 
Dealt to a33105c3 
73e67e68: raises 200 to 400
Hero: folds
18e11707: folds
def995ed: folds
36536b95: folds
a33105c3: folds
24b5d1ca: calls 300
411b7ef9: raises 476 to 876
73e67e68: calls 476
24b5d1ca: calls 476
*** FLOP *** [Ad 6d 2s]
24b5d1ca: checks
411b7ef9: bets 1,434
73e67e68: raises 55 to 1,489 and is all-in
24b5d1ca: raises 5,011 to 6,500 and is all-in
411b7ef9: calls 5,066
24b5d1ca: shows [As Tc] (Pair of Aces)
411b7ef9: shows [Js Ac] (Pair of Aces)
73e67e68: shows [3d Kd] (Ace-High)
*** TURN *** [Ad 6d 2s] [5s]
*** RIVER *** [Ad 6d 2s 5s] [5c]
*** SHOWDOWN ***
411b7ef9 collected 7,335 from pot
411b7ef9 collected 10,022 from pot
*** SUMMARY ***
Total pot 17,357 | Rake 0 | Jackpot 0 | Bingo 0 | Fortune 0 | Tax 0
Board [Ad 6d 2s 5s 5c]
Seat 1: 24b5d1ca (small blind) showed [As Tc] and lost with Pair of Aces and Pair of Fives
Seat 2: 411b7ef9 (big blind) showed [Js Ac] and won (17,357) with Pair of Aces and Pair of Fives
Seat 3: 73e67e68 showed [3d Kd] and lost with Pair of Fives
Seat 4: Hero folded before Flop
Seat 5: 18e11707 folded before Flop
Seat 6: def995ed folded before Flop
Seat 7: 36536b95 folded before Flop
Seat 8: a33105c3 (button) folded before Flop


Poker Hand #TM3514941633: Tournament #154332637, Bounty Hunters Big One $1.08 Hold'em No Limit - Level4(100/200) - 2024/07/24 12:09:13
Table '129' 8-max Seat #7 is the button
Seat 1: 24b5d1ca (9,746 in chips)
Seat 2: 411b7ef9 (9,970 in chips)
Seat 3: 73e67e68 (2,425 in chips)
Seat 4: Hero (8,926 in chips)
Seat 5: 18e11707 (15,257 in chips)
Seat 6: def995ed (9,498 in chips)
Seat 7: 36536b95 (20,592 in chips)
Seat 8: a33105c3 (10,908 in chips)
411b7ef9: posts the ante 30
def995ed: posts the ante 30
18e11707: posts the ante 30
24b5d1ca: posts the ante 30
36536b95: posts the ante 30
a33105c3: posts the ante 30
73e67e68: posts the ante 30
Hero: posts the ante 30
a33105c3: posts small blind 100
24b5d1ca: posts big blind 200
*** HOLE CARDS ***
Dealt to 24b5d1ca 
Dealt to 411b7ef9 
Dealt to 73e67e68 
Dealt to Hero [4h Jc]
Dealt to 18e11707 
Dealt to def995ed 
Dealt to 36536b95 
Dealt to a33105c3 
411b7ef9: calls 200
73e67e68: folds
Hero: folds
18e11707: folds
def995ed: folds
36536b95: folds
a33105c3: raises 200 to 400
24b5d1ca: calls 200
411b7ef9: raises 476 to 876
a33105c3: calls 476
24b5d1ca: calls 476
*** FLOP *** [4d 8d Ts]
a33105c3: checks
24b5d1ca: checks
411b7ef9: bets 1,434
a33105c3: calls 1,434
24b5d1ca: calls 1,434
*** TURN *** [4d 8d Ts] [Td]
a33105c3: checks
24b5d1ca: checks
411b7ef9: checks
*** RIVER *** [4d 8d Ts Td] [7h]
a33105c3: bets 8,568 and is all-in
24b5d1ca: folds
411b7ef9: folds
Uncalled bet (8,568) returned to a33105c3
36536b95: shows [Th] (Three Tens)
*** SHOWDOWN ***
a33105c3 collected 7,170 from pot
*** SUMMARY ***
Total pot 7,170 | Rake 0 | Jackpot 0 | Bingo 0 | Fortune 0 | Tax 0
Board [4d 8d Ts Td 7h]
Seat 1: 24b5d1ca (big blind) folded on the River
Seat 2: 411b7ef9 folded on the River
Seat 3: 73e67e68 folded before Flop
Seat 4: Hero folded before Flop
Seat 5: 18e11707 folded before Flop
Seat 6: def995ed folded before Flop
Seat 7: 36536b95 (button) folded before Flop
Seat 8: a33105c3 (small blind) won (7,170)


Poker Hand #TM3514941600: Tournament #154332637, Bounty Hunters Big One $1.08 Hold'em No Limit - Level4(100/200) - 2024/07/24 12:08:05
Table '129' 8-max Seat #6 is the button
Seat 1: 24b5d1ca (9,976 in chips)
Seat 2: 411b7ef9 (10,000 in chips)
Seat 3: 73e67e68 (2,855 in chips)
Seat 4: Hero (9,356 in chips)
Seat 5: 18e11707 (15,287 in chips)
Seat 6: def995ed (9,528 in chips)
Seat 7: 36536b95 (21,022 in chips)
Seat 8: a33105c3 (9,298 in chips)
411b7ef9: posts the ante 30
def995ed: posts the ante 30
18e11707: posts the ante 30
24b5d1ca: posts the ante 30
36536b95: posts the ante 30
a33105c3: posts the ante 30
73e67e68: posts the ante 30
Hero: posts the ante 30
36536b95: posts small blind 100
a33105c3: posts big blind 200
*** HOLE CARDS ***
Dealt to 24b5d1ca 
Dealt to 411b7ef9 
Dealt to 73e67e68 
Dealt to Hero [Qh Ts]
Dealt to 18e11707 
Dealt to def995ed 
Dealt to 36536b95 
Dealt to a33105c3 
24b5d1ca: calls 200
411b7ef9: folds
73e67e68: raises 200 to 400
Hero: calls 400
18e11707: folds
def995ed: folds
36536b95: calls 300
a33105c3: raises 1,530 to 1,930
24b5d1ca: folds
73e67e68: folds
Hero: folds
36536b95: folds
Uncalled bet (1,530) returned to a33105c3
a33105c3: shows [Ah]
*** SHOWDOWN ***
a33105c3 collected 2,040 from pot
*** SUMMARY ***
Total pot 2,040 | Rake 0 | Jackpot 0 | Bingo 0 | Fortune 0 | Tax 0
Seat 1: 24b5d1ca folded before Flop
Seat 2: 411b7ef9 folded before Flop
Seat 3: 73e67e68 folded before Flop
Seat 4: Hero folded before Flop
Seat 5: 18e11707 folded before Flop
Seat 6: def995ed (button) folded before Flop
Seat 7: 36536b95 (small blind) folded before Flop
Seat 8: a33105c3 (big blind) showed [Ah] and collected (2,040)


Poker Hand #TM3514941588: Tournament #154332637, Bounty Hunters Big One $1.08 Hold'em No Limit - Level3(80/160) - 2024/07/24 12:07:32
Table '129' 8-max Seat #5 is the button
Seat 1: 24b5d1ca (10,000 in chips)
Seat 4: Hero (9,380 in chips)
Seat 5: 18e11707 (14,767 in chips)
Seat 6: def995ed (9,632 in chips)
Seat 7: 36536b95 (21,366 in chips)
Seat 8: a33105c3 (9,322 in chips)
def995ed: posts the ante 24
18e11707: posts the ante 24
24b5d1ca: posts the ante 24
36536b95: posts the ante 24
a33105c3: posts the ante 24
Hero: posts the ante 24
def995ed: posts small blind 80
36536b95: posts big blind 160
*** HOLE CARDS ***
Dealt to 24b5d1ca 
Dealt to Hero [4h 9c]
Dealt to 18e11707 
Dealt to def995ed 
Dealt to 36536b95 
Dealt to a33105c3 
a33105c3: folds
24b5d1ca: folds
Hero: folds
18e11707: raises 160 to 320
def995ed: folds
36536b95: calls 160
*** FLOP *** [8h Ah Jc]
36536b95: checks
18e11707: bets 320
36536b95: folds
Uncalled bet (320) returned to 18e11707
*** SHOWDOWN ***
18e11707 collected 864 from pot
*** SUMMARY ***
Total pot 864 | Rake 0 | Jackpot 0 | Bingo 0 | Fortune 0 | Tax 0
Board [8h Ah Jc]
Seat 1: 24b5d1ca folded before Flop
Seat 4: Hero folded before Flop
Seat 5: 18e11707 (button) won (864)
Seat 6: def995ed (small blind) folded before Flop
Seat 7: 36536b95 (big blind) folded on the Flop
Seat 8: a33105c3 folded before Flop


Poker Hand #TM3514428543: Tournament #154332637, Bounty Hunters Big One $1.08 Hold'em No Limit - Level3(80/160) - 2024/07/24 12:06:43
Table '6' 8-max Seat #4 is the button
Seat 1: 7b0ec671 (19,400 in chips)
Seat 2: d18f2a57 (7,338 in chips)
Seat 3: a74a70f6 (22,801 in chips)
Seat 4: 36f4efa0 (9,712 in chips)
Seat 5: a666f318 (9,784 in chips)
Seat 6: 6176a2c1 (9,946 in chips)
Seat 7: 95340e2 (10,000 in chips)
Seat 8: Hero (9,404 in chips)
95340e2: posts the ante 24
d18f2a57: posts the ante 24
36f4efa0: posts the ante 24
7b0ec671: posts the ante 24
6176a2c1: posts the ante 24
a666f318: posts the ante 24
a74a70f6: posts the ante 24
Hero: posts the ante 24
a666f318: posts small blind 80
6176a2c1: posts big blind 160
*** HOLE CARDS ***
Dealt to 7b0ec671 
Dealt to d18f2a57 
Dealt to a74a70f6 
Dealt to 36f4efa0 
Dealt to a666f318 
Dealt to 6176a2c1 
Dealt to 95340e2 
Dealt to Hero [2h 3d]
95340e2: folds
Hero: folds
7b0ec671: calls 160
d18f2a57: raises 160 to 320
a74a70f6: folds
36f4efa0: folds
a666f318: calls 240
6176a2c1: folds
7b0ec671: calls 160
*** FLOP *** [9s Ad Ac]
a666f318: checks
7b0ec671: checks
d18f2a57: checks
*** TURN *** [9s Ad Ac] [8h]
a666f318: bets 984
7b0ec671: folds
d18f2a57: folds
Uncalled bet (984) returned to a666f318
*** SHOWDOWN ***
a666f318 collected 1,312 from pot
*** SUMMARY ***
Total pot 1,312 | Rake 0 | Jackpot 0 | Bingo 0 | Fortune 0 | Tax 0
Board [9s Ad Ac 8h]
Seat 1: 7b0ec671 folded on the Turn
Seat 2: d18f2a57 folded on the Turn
Seat 3: a74a70f6 folded before Flop
Seat 4: 36f4efa0 (button) folded before Flop
Seat 5: a666f318 (small blind) won (1,312)
Seat 6: 6176a2c1 (big blind) folded before Flop
Seat 7: 95340e2 folded before Flop
Seat 8: Hero folded before Flop


Poker Hand #TM3514428535: Tournament #154332637, Bounty Hunters Big One $1.08 Hold'em No Limit - Level3(80/160) - 2024/07/24 12:06:22
Table '6' 8-max Seat #3 is the button
Seat 1: 7b0ec671 (19,424 in chips)
Seat 2: d18f2a57 (7,362 in chips)
Seat 3: a74a70f6 (22,825 in chips)
Seat 4: 36f4efa0 (9,816 in chips)
Seat 5: a666f318 (9,560 in chips)
Seat 6: 6176a2c1 (9,970 in chips)
Seat 8: Hero (9,428 in chips)
d18f2a57: posts the ante 24
36f4efa0: posts the ante 24
7b0ec671: posts the ante 24
6176a2c1: posts the ante 24
a666f318: posts the ante 24
a74a70f6: posts the ante 24
Hero: posts the ante 24
36f4efa0: posts small blind 80
a666f318: posts big blind 160
*** HOLE CARDS ***
Dealt to 7b0ec671 
Dealt to d18f2a57 
Dealt to a74a70f6 
Dealt to 36f4efa0 
Dealt to a666f318 
Dealt to 6176a2c1 
Dealt to Hero [Jd 2h]
6176a2c1: folds
Hero: folds
7b0ec671: folds
d18f2a57: folds
a74a70f6: folds
36f4efa0: folds
Uncalled bet (80) returned to a666f318
*** SHOWDOWN ***
a666f318 collected 328 from pot
*** SUMMARY ***
Total pot 328 | Rake 0 | Jackpot 0 | Bingo 0 | Fortune 0 | Tax 0
Seat 1: 7b0ec671 folded before Flop
Seat 2: d18f2a57 folded before Flop
Seat 3: a74a70f6 (button) folded before Flop
Seat 4: 36f4efa0 (small blind) folded before Flop
Seat 5: a666f318 (big blind) collected (328)
Seat 6: 6176a2c1 folded before Flop
Seat 8: Hero folded before Flop


Poker Hand #TM3514428491: Tournament #154332637, Bounty Hunters Big One $1.08 Hold'em No Limit - Level3(80/160) - 2024/07/24 12:04:40
Table '6' 8-max Seat #2 is the button
Seat 1: 7b0ec671 (19,448 in chips)
Seat 2: d18f2a57 (8,299 in chips)
Seat 3: a74a70f6 (21,584 in chips)
Seat 4: 36f4efa0 (10,000 in chips)
Seat 5: a666f318 (9,584 in chips)
Seat 6: 6176a2c1 (9,994 in chips)
Seat 7: 8ed794eb (11,164 in chips)
Seat 8: Hero (9,452 in chips)
8ed794eb: posts the ante 24
d18f2a57: posts the ante 24
36f4efa0: posts the ante 24
7b0ec671: posts the ante 24
6176a2c1: posts the ante 24
a666f318: posts the ante 24
a74a70f6: posts the ante 24
Hero: posts the ante 24
a74a70f6: posts small blind 80
36f4efa0: posts big blind 160
*** HOLE CARDS ***
Dealt to 7b0ec671 
Dealt to d18f2a57 
Dealt to a74a70f6 
Dealt to 36f4efa0 
Dealt to a666f318 
Dealt to 6176a2c1 
Dealt to 8ed794eb 
Dealt to Hero [4s 8d]
a666f318: folds
6176a2c1: folds
8ed794eb: folds
Hero: folds
7b0ec671: folds
d18f2a57: raises 320 to 480
a74a70f6: raises 433 to 913
36f4efa0: folds
d18f2a57: calls 433
*** FLOP *** [Ts 8s Tc]
a74a70f6: checks
d18f2a57: checks
*** TURN *** [Ts 8s Tc] [4h]
a74a70f6: bets 719
d18f2a57: folds
Uncalled bet (719) returned to a74a70f6
*** SHOWDOWN ***
a74a70f6 collected 2,178 from pot
*** SUMMARY ***
Total pot 2,178 | Rake 0 | Jackpot 0 | Bingo 0 | Fortune 0 | Tax 0
Board [Ts 8s Tc 4h]
Seat 1: 7b0ec671 folded before Flop
Seat 2: d18f2a57 (button) folded on the Turn
Seat 3: a74a70f6 (small blind) won (2,178)
Seat 4: 36f4efa0 (big blind) folded before Flop
Seat 5: a666f318 folded before Flop
Seat 6: 6176a2c1 folded before Flop
Seat 7: 8ed794eb folded before Flop
Seat 8: Hero folded before Flop


Poker Hand #TM3514428474: Tournament #154332637, Bounty Hunters Big One $1.08 Hold'em No Limit - Level3(80/160) - 2024/07/24 12:04:02
Table '6' 8-max Seat #1 is the button
Seat 1: 7b0ec671 (19,472 in chips)
Seat 2: d18f2a57 (7,675 in chips)
Seat 3: a74a70f6 (21,768 in chips)
Seat 5: a666f318 (9,928 in chips)
Seat 6: 6176a2c1 (10,018 in chips)
Seat 7: 8ed794eb (11,188 in chips)
Seat 8: Hero (9,476 in chips)
8ed794eb: posts the ante 24
d18f2a57: posts the ante 24
7b0ec671: posts the ante 24
6176a2c1: posts the ante 24
a666f318: posts the ante 24
a74a70f6: posts the ante 24
Hero: posts the ante 24
d18f2a57: posts small blind 80
a74a70f6: posts big blind 160
*** HOLE CARDS ***
Dealt to 7b0ec671 
Dealt to d18f2a57 
Dealt to a74a70f6 
Dealt to a666f318 
Dealt to 6176a2c1 
Dealt to 8ed794eb 
Dealt to Hero [2d 6d]
a666f318: raises 160 to 320
6176a2c1: folds
8ed794eb: folds
Hero: folds
7b0ec671: folds
d18f2a57: raises 726 to 1,046
a74a70f6: folds
a666f318: folds
Uncalled bet (726) returned to d18f2a57
*** SHOWDOWN ***
d18f2a57 collected 968 from pot
*** SUMMARY ***
Total pot 968 | Rake 0 | Jackpot 0 | Bingo 0 | Fortune 0 | Tax 0
Seat 1: 7b0ec671 (button) folded before Flop
Seat 2: d18f2a57 (small blind) collected (968)
Seat 3: a74a70f6 (big blind) folded before Flop
Seat 5: a666f318 folded before Flop
Seat 6: 6176a2c1 folded before Flop
Seat 7: 8ed794eb folded before Flop
Seat 8: Hero folded before Flop


Poker Hand #TM3514428434: Tournament #154332637, Bounty Hunters Big One $1.08 Hold'em No Limit - Level3(80/160) - 2024/07/24 12:02:32
Table '6' 8-max Seat #8 is the button
Seat 1: 7b0ec671 (19,144 in chips)
Seat 2: d18f2a57 (7,859 in chips)
Seat 3: a74a70f6 (21,792 in chips)
Seat 4: 91534ec (24 in chips)
Seat 5: a666f318 (9,952 in chips)
Seat 6: 6176a2c1 (10,042 in chips)
Seat 7: 8ed794eb (11,212 in chips)
Seat 8: Hero (9,500 in chips)
8ed794eb: posts the ante 24
d18f2a57: posts the ante 24
7b0ec671: posts the ante 24
6176a2c1: posts the ante 24
a666f318: posts the ante 24
91534ec: posts the ante 24
a74a70f6: posts the ante 24
Hero: posts the ante 24
7b0ec671: posts small blind 80
d18f2a57: posts big blind 160
*** HOLE CARDS ***
Dealt to 7b0ec671 
Dealt to d18f2a57 
Dealt to a74a70f6 
Dealt to 91534ec 
Dealt to a666f318 
Dealt to 6176a2c1 
Dealt to 8ed794eb 
Dealt to Hero [9h 3d]
a74a70f6: folds
a666f318: folds
6176a2c1: folds
8ed794eb: folds
Hero: folds
7b0ec671: calls 80
d18f2a57: checks
*** FLOP *** [Ah 2d 9s]
7b0ec671: checks
d18f2a57: checks
*** TURN *** [Ah 2d 9s] [4c]
7b0ec671: checks
d18f2a57: checks
*** RIVER *** [Ah 2d 9s 4c] [8s]
7b0ec671: bets 384
d18f2a57: folds
Uncalled bet (384) returned to 7b0ec671
7b0ec671: shows [8c 2s] (Pair of Eights and Pair of Twos)
91534ec: shows [7s Kh] (Ace-High)
*** SHOWDOWN ***
7b0ec671 collected 192 from pot
7b0ec671 collected 320 from pot
*** SUMMARY ***
Total pot 512 | Rake 0 | Jackpot 0 | Bingo 0 | Fortune 0 | Tax 0
Board [Ah 2d 9s 4c 8s]
Seat 1: 7b0ec671 (small blind) showed [8c 2s] and won (512) with Pair of Eights and Pair of Twos
Seat 2: d18f2a57 (big blind) folded on the River
Seat 3: a74a70f6 folded before Flop
Seat 4: 91534ec showed [7s Kh] and lost with Ace-High
Seat 5: a666f318 folded before Flop
Seat 6: 6176a2c1 folded before Flop
Seat 7: 8ed794eb folded before Flop
Seat 8: Hero (button) folded before Flop


Poker Hand #TM3514428383: Tournament #154332637, Bounty Hunters Big One $1.08 Hold'em No Limit - Level3(80/160) - 2024/07/24 11:53:46
Table '6' 8-max Seat #7 is the button
Seat 1: 7b0ec671 (19,568 in chips)
Seat 2: d18f2a57 (7,883 in chips)
Seat 3: a74a70f6 (9,976 in chips)
Seat 4: 91534ec (10,000 in chips)
Seat 5: a666f318 (9,976 in chips)
Seat 6: 6176a2c1 (10,066 in chips)
Seat 7: 8ed794eb (11,236 in chips)
Seat 8: Hero (10,820 in chips)
8ed794eb: posts the ante 24
d18f2a57: posts the ante 24
7b0ec671: posts the ante 24
6176a2c1: posts the ante 24
a666f318: posts the ante 24
91534ec: posts the ante 24
a74a70f6: posts the ante 24
Hero: posts the ante 24
Hero: posts small blind 80
7b0ec671: posts big blind 160
*** HOLE CARDS ***
Dealt to 7b0ec671 
Dealt to d18f2a57 
Dealt to a74a70f6 
Dealt to 91534ec 
Dealt to a666f318 
Dealt to 6176a2c1 
Dealt to 8ed794eb 
Dealt to Hero [2s As]
d18f2a57: folds
a74a70f6: calls 160
91534ec: calls 160
a666f318: folds
6176a2c1: folds
8ed794eb: folds
Hero: calls 80
7b0ec671: raises 240 to 400
a74a70f6: calls 240
91534ec: calls 240
Hero: calls 240
*** FLOP *** [7s 5s Tc]
Hero: checks
7b0ec671: checks
a74a70f6: checks
91534ec: checks
*** TURN *** [7s 5s Tc] [2c]
Hero: bets 896
7b0ec671: folds
a74a70f6: calls 896
91534ec: calls 896
*** RIVER *** [7s 5s Tc 2c] [3c]
Hero: checks
a74a70f6: bets 2,240
91534ec: raises 6,440 to 8,680 and is all-in
Hero: folds
a74a70f6: calls 6,416 and is all-in
Uncalled bet (24) returned to 91534ec
91534ec: shows [Qc 6c] (Queen High Flush)
a74a70f6: shows [9c Kc] (King High Flush)
*** SHOWDOWN ***
a74a70f6 collected 21,792 from pot
*** SUMMARY ***
Total pot 21,792 | Rake 0 | Jackpot 0 | Bingo 0 | Fortune 0 | Tax 0
Board [7s 5s Tc 2c 3c]
Seat 1: 7b0ec671 (big blind) folded on the Turn
Seat 2: d18f2a57 folded before Flop
Seat 3: a74a70f6 showed [9c Kc] and won (21,792) with King High Flush
Seat 4: 91534ec showed [Qc 6c] and lost with Queen High Flush
Seat 5: a666f318 folded before Flop
Seat 6: 6176a2c1 folded before Flop
Seat 7: 8ed794eb (button) folded before Flop
Seat 8: Hero (small blind) folded on the River


Poker Hand #TM3514428352: Tournament #154332637, Bounty Hunters Big One $1.08 Hold'em No Limit - Level3(80/160) - 2024/07/24 11:52:13
Table '6' 8-max Seat #6 is the button
Seat 1: 7b0ec671 (19,592 in chips)
Seat 2: d18f2a57 (7,339 in chips)
Seat 3: a74a70f6 (10,000 in chips)
Seat 5: a666f318 (10,000 in chips)
Seat 6: 6176a2c1 (10,090 in chips)
Seat 7: 8ed794eb (11,340 in chips)
Seat 8: Hero (11,164 in chips)
8ed794eb: posts the ante 24
d18f2a57: posts the ante 24
7b0ec671: posts the ante 24
6176a2c1: posts the ante 24
a666f318: posts the ante 24
a74a70f6: posts the ante 24
Hero: posts the ante 24
8ed794eb: posts small blind 80
Hero: posts big blind 160
*** HOLE CARDS ***
Dealt to 7b0ec671 
Dealt to d18f2a57 
Dealt to a74a70f6 
Dealt to a666f318 
Dealt to 6176a2c1 
Dealt to 8ed794eb 
Dealt to Hero [Tc 2s]
7b0ec671: folds
d18f2a57: raises 160 to 320
a74a70f6: folds
a666f318: folds
6176a2c1: folds
8ed794eb: folds
Hero: calls 160
*** FLOP *** [Js Kh As]
Hero: checks
d18f2a57: bets 294
Hero: folds
Uncalled bet (294) returned to d18f2a57
*** SHOWDOWN ***
d18f2a57 collected 888 from pot
*** SUMMARY ***
Total pot 888 | Rake 0 | Jackpot 0 | Bingo 0 | Fortune 0 | Tax 0
Board [Js Kh As]
Seat 1: 7b0ec671 folded before Flop
Seat 2: d18f2a57 won (888)
Seat 3: a74a70f6 folded before Flop
Seat 5: a666f318 folded before Flop
Seat 6: 6176a2c1 (button) folded before Flop
Seat 7: 8ed794eb (small blind) folded before Flop
Seat 8: Hero (big blind) folded on the Flop


Poker Hand #TM3514428327: Tournament #154332637, Bounty Hunters Big One $1.08 Hold'em No Limit - Level3(80/160) - 2024/07/24 11:51:13
Table '6' 8-max Seat #2 is the button
Seat 1: 7b0ec671 (19,616 in chips)
Seat 2: d18f2a57 (9,164 in chips)
Seat 4: 8b6e8be9 (114 in chips)
Seat 6: 6176a2c1 (10,274 in chips)
Seat 7: 8ed794eb (8,769 in chips)
Seat 8: Hero (11,588 in chips)
8b6e8be9: posts the ante 24
8ed794eb: posts the ante 24
d18f2a57: posts the ante 24
7b0ec671: posts the ante 24
6176a2c1: posts the ante 24
Hero: posts the ante 24
8b6e8be9: posts small blind 80
6176a2c1: posts big blind 160
*** HOLE CARDS ***
Dealt to 7b0ec671 
Dealt to d18f2a57 
Dealt to 8b6e8be9 
Dealt to 6176a2c1 
Dealt to 8ed794eb 
Dealt to Hero [Qc 3c]
8ed794eb: raises 240 to 400
Hero: calls 400
7b0ec671: folds
d18f2a57: calls 400
8b6e8be9: calls 10 and is all-in
6176a2c1: folds
*** FLOP *** [9s Jh 5d]
8ed794eb: bets 527
Hero: folds
d18f2a57: calls 527
*** TURN *** [9s Jh 5d] [Tc]
8ed794eb: bets 874
d18f2a57: calls 874
*** RIVER *** [9s Jh 5d Tc] [2s]
8ed794eb: bets 3,078
d18f2a57: folds
Uncalled bet (3,078) returned to 8ed794eb
8ed794eb: shows [Td Th] (Three Tens)
8b6e8be9: shows [6c 9c] (Pair of Nines)
*** SHOWDOWN ***
8ed794eb collected 594 from pot
8ed794eb collected 3,802 from pot
*** SUMMARY ***
Total pot 4,396 | Rake 0 | Jackpot 0 | Bingo 0 | Fortune 0 | Tax 0
Board [9s Jh 5d Tc 2s]
Seat 1: 7b0ec671 folded before Flop
Seat 2: d18f2a57 (button) folded on the River
Seat 4: 8b6e8be9 (small blind) showed [6c 9c] and lost with Pair of Nines
Seat 6: 6176a2c1 (big blind) folded before Flop
Seat 7: 8ed794eb showed [Td Th] and won (4,396) with Three Tens
Seat 8: Hero folded on the Flop


Poker Hand #TM3514428291: Tournament #154332637, Bounty Hunters Big One $1.08 Hold'em No Limit - Level2(60/120) - 2024/07/24 11:49:57
Table '6' 8-max Seat #1 is the button
Seat 1: 7b0ec671 (19,634 in chips)
Seat 2: d18f2a57 (9,862 in chips)
Seat 4: 8b6e8be9 (52 in chips)
Seat 5: fc03154f (19,822 in chips)
Seat 6: 6176a2c1 (10,292 in chips)
Seat 7: 8ed794eb (8,787 in chips)
Seat 8: Hero (11,606 in chips)
8b6e8be9: posts the ante 18
8ed794eb: posts the ante 18
d18f2a57: posts the ante 18
7b0ec671: posts the ante 18
fc03154f: posts the ante 18
6176a2c1: posts the ante 18
Hero: posts the ante 18
d18f2a57: posts small blind 60
8b6e8be9: posts big blind 34
*** HOLE CARDS ***
Dealt to 7b0ec671 
Dealt to d18f2a57 
Dealt to 8b6e8be9 
Dealt to fc03154f 
Dealt to 6176a2c1 
Dealt to 8ed794eb 
Dealt to Hero [3s 9c]
fc03154f: raises 180 to 300
6176a2c1: folds
8ed794eb: folds
Hero: folds
7b0ec671: folds
d18f2a57: calls 240
*** FLOP *** [3d Jd 7d]
d18f2a57: checks
fc03154f: bets 380
d18f2a57: calls 380
*** TURN *** [3d Jd 7d] [Qs]
d18f2a57: checks
fc03154f: bets 1,020
d18f2a57: folds
Uncalled bet (1,020) returned to fc03154f
fc03154f: shows [2c Ks] (King-High)
8b6e8be9: shows [6h Kc] (King-High)
*** RIVER *** [3d Jd 7d Qs] [7h]
*** SHOWDOWN ***
fc03154f collected 114 from pot
8b6e8be9 collected 114 from pot
fc03154f collected 1,292 from pot
*** SUMMARY ***
Total pot 1,520 | Rake 0 | Jackpot 0 | Bingo 0 | Fortune 0 | Tax 0
Board [3d Jd 7d Qs 7h]
Seat 1: 7b0ec671 (button) folded before Flop
Seat 2: d18f2a57 (small blind) folded on the Turn
Seat 4: 8b6e8be9 (big blind) showed [6h Kc] and won (114) with Pair of Sevens
Seat 5: fc03154f showed [2c Ks] and won (1,406) with Pair of Sevens
Seat 6: 6176a2c1 folded before Flop
Seat 7: 8ed794eb folded before Flop
Seat 8: Hero folded before Flop


Poker Hand #TM3514428250: Tournament #154332637, Bounty Hunters Big One $1.08 Hold'em No Limit - Level2(60/120) - 2024/07/24 11:48:06
Table '6' 8-max Seat #8 is the button
Seat 1: 7b0ec671 (9,261 in chips)
Seat 2: d18f2a57 (10,000 in chips)
Seat 3: a46a9b34 (7,211 in chips)
Seat 4: 8b6e8be9 (9,313 in chips)
Seat 5: fc03154f (19,840 in chips)
Seat 6: 6176a2c1 (10,310 in chips)
Seat 7: 8ed794eb (9,045 in chips)
Seat 8: Hero (11,624 in chips)
a46a9b34: posts the ante 18
8b6e8be9: posts the ante 18
8ed794eb: posts the ante 18
d18f2a57: posts the ante 18
fc03154f: posts the ante 18
7b0ec671: posts the ante 18
6176a2c1: posts the ante 18
Hero: posts the ante 18
7b0ec671: posts small blind 60
d18f2a57: posts big blind 120
*** HOLE CARDS ***
Dealt to 7b0ec671 
Dealt to d18f2a57 
Dealt to a46a9b34 
Dealt to 8b6e8be9 
Dealt to fc03154f 
Dealt to 6176a2c1 
Dealt to 8ed794eb 
Dealt to Hero [4s 7d]
a46a9b34: raises 120 to 240
8b6e8be9: calls 240
fc03154f: folds
6176a2c1: folds
8ed794eb: calls 240
Hero: folds
7b0ec671: raises 404 to 644
d18f2a57: folds
a46a9b34: calls 404
8b6e8be9: raises 8,651 to 9,295 and is all-in
8ed794eb: folds
7b0ec671: calls 8,599 and is all-in
a46a9b34: folds
Uncalled bet (52) returned to 8b6e8be9
8b6e8be9: shows [Th Qh]
7b0ec671: shows [Kd Ad]
*** FLOP *** [Ks Jd 2h]
*** TURN *** [Ks Jd 2h] [Td]
*** RIVER *** [Ks Jd 2h Td] [Qc]
*** SHOWDOWN ***
7b0ec671 collected 19,634 from pot
*** SUMMARY ***
Total pot 19,634 | Rake 0 | Jackpot 0 | Bingo 0 | Fortune 0 | Tax 0
Board [Ks Jd 2h Td Qc]
Seat 1: 7b0ec671 (small blind) showed [Kd Ad] and won (19,634) with Aces-High Straight
Seat 2: d18f2a57 (big blind) folded before Flop
Seat 3: a46a9b34 folded before Flop
Seat 4: 8b6e8be9 showed [Th Qh] and lost with Pair of Queens and Pair of Tens
Seat 5: fc03154f folded before Flop
Seat 6: 6176a2c1 folded before Flop
Seat 7: 8ed794eb folded before Flop
Seat 8: Hero (button) folded before Flop


Poker Hand #TM3514428216: Tournament #154332637, Bounty Hunters Big One $1.08 Hold'em No Limit - Level2(60/120) - 2024/07/24 11:46:29
Table '6' 8-max Seat #7 is the button
Seat 1: 7b0ec671 (9,579 in chips)
Seat 2: 42fe35dd (12,655 in chips)
Seat 3: a46a9b34 (7,529 in chips)
Seat 4: 8b6e8be9 (9,331 in chips)
Seat 5: fc03154f (19,858 in chips)
Seat 6: 6176a2c1 (10,328 in chips)
Seat 7: 8ed794eb (9,063 in chips)
Seat 8: Hero (11,702 in chips)
a46a9b34: posts the ante 18
8b6e8be9: posts the ante 18
8ed794eb: posts the ante 18
42fe35dd: posts the ante 18
fc03154f: posts the ante 18
7b0ec671: posts the ante 18
6176a2c1: posts the ante 18
Hero: posts the ante 18
Hero: posts small blind 60
7b0ec671: posts big blind 120
*** HOLE CARDS ***
Dealt to 7b0ec671 
Dealt to 42fe35dd 
Dealt to a46a9b34 
Dealt to 8b6e8be9 
Dealt to fc03154f 
Dealt to 6176a2c1 
Dealt to 8ed794eb 
Dealt to Hero [2c 8h]
42fe35dd: raises 180 to 300
a46a9b34: calls 300
8b6e8be9: folds
fc03154f: folds
6176a2c1: folds
8ed794eb: folds
Hero: folds
7b0ec671: calls 180
*** FLOP *** [6s Qd 4s]
7b0ec671: checks
42fe35dd: bets 552
a46a9b34: folds
7b0ec671: folds
Uncalled bet (552) returned to 42fe35dd
*** SHOWDOWN ***
42fe35dd collected 1,104 from pot
*** SUMMARY ***
Total pot 1,104 | Rake 0 | Jackpot 0 | Bingo 0 | Fortune 0 | Tax 0
Board [6s Qd 4s]
Seat 1: 7b0ec671 (big blind) folded on the Flop
Seat 2: 42fe35dd won (1,104)
Seat 3: a46a9b34 folded on the Flop
Seat 4: 8b6e8be9 folded before Flop
Seat 5: fc03154f folded before Flop
Seat 6: 6176a2c1 folded before Flop
Seat 7: 8ed794eb (button) folded before Flop
Seat 8: Hero (small blind) folded before Flop


Poker Hand #TM3514428192: Tournament #154332637, Bounty Hunters Big One $1.08 Hold'em No Limit - Level2(60/120) - 2024/07/24 11:45:22
Table '6' 8-max Seat #6 is the button
Seat 1: 7b0ec671 (9,597 in chips)
Seat 2: 42fe35dd (12,673 in chips)
Seat 3: a46a9b34 (7,103 in chips)
Seat 4: 8b6e8be9 (9,349 in chips)
Seat 5: fc03154f (19,876 in chips)
Seat 6: 6176a2c1 (10,346 in chips)
Seat 7: 8ed794eb (9,141 in chips)
Seat 8: Hero (11,960 in chips)
a46a9b34: posts the ante 18
8b6e8be9: posts the ante 18
8ed794eb: posts the ante 18
42fe35dd: posts the ante 18
fc03154f: posts the ante 18
7b0ec671: posts the ante 18
6176a2c1: posts the ante 18
Hero: posts the ante 18
8ed794eb: posts small blind 60
Hero: posts big blind 120
*** HOLE CARDS ***
Dealt to 7b0ec671 
Dealt to 42fe35dd 
Dealt to a46a9b34 
Dealt to 8b6e8be9 
Dealt to fc03154f 
Dealt to 6176a2c1 
Dealt to 8ed794eb 
Dealt to Hero [4d 6d]
7b0ec671: folds
42fe35dd: folds
a46a9b34: raises 120 to 240
8b6e8be9: folds
fc03154f: folds
6176a2c1: folds
8ed794eb: folds
Hero: calls 120
*** FLOP *** [8h 9c 8d]
Hero: checks
a46a9b34: checks
*** TURN *** [8h 9c 8d] [Js]
Hero: checks
a46a9b34: bets 342
Hero: folds
Uncalled bet (342) returned to a46a9b34
*** SHOWDOWN ***
a46a9b34 collected 684 from pot
*** SUMMARY ***
Total pot 684 | Rake 0 | Jackpot 0 | Bingo 0 | Fortune 0 | Tax 0
Board [8h 9c 8d Js]
Seat 1: 7b0ec671 folded before Flop
Seat 2: 42fe35dd folded before Flop
Seat 3: a46a9b34 won (684)
Seat 4: 8b6e8be9 folded before Flop
Seat 5: fc03154f folded before Flop
Seat 6: 6176a2c1 (button) folded before Flop
Seat 7: 8ed794eb (small blind) folded before Flop
Seat 8: Hero (big blind) folded on the Turn


Poker Hand #TM3514428146: Tournament #154332637, Bounty Hunters Big One $1.08 Hold'em No Limit - Level2(60/120) - 2024/07/24 11:43:24
Table '6' 8-max Seat #5 is the button
Seat 1: 7b0ec671 (9,735 in chips)
Seat 2: 42fe35dd (10,981 in chips)
Seat 3: a46a9b34 (7,121 in chips)
Seat 4: 8b6e8be9 (10,000 in chips)
Seat 5: fc03154f (19,894 in chips)
Seat 6: 6176a2c1 (10,424 in chips)
Seat 7: 8ed794eb (9,279 in chips)
Seat 8: Hero (12,611 in chips)
a46a9b34: posts the ante 18
8b6e8be9: posts the ante 18
8ed794eb: posts the ante 18
42fe35dd: posts the ante 18
fc03154f: posts the ante 18
7b0ec671: posts the ante 18
6176a2c1: posts the ante 18
Hero: posts the ante 18
6176a2c1: posts small blind 60
8ed794eb: posts big blind 120
*** HOLE CARDS ***
Dealt to 7b0ec671 
Dealt to 42fe35dd 
Dealt to a46a9b34 
Dealt to 8b6e8be9 
Dealt to fc03154f 
Dealt to 6176a2c1 
Dealt to 8ed794eb 
Dealt to Hero [5s 6s]
Hero: calls 120
7b0ec671: calls 120
42fe35dd: raises 513 to 633
a46a9b34: folds
8b6e8be9: calls 633
fc03154f: folds
6176a2c1: folds
8ed794eb: folds
Hero: calls 513
7b0ec671: folds
*** FLOP *** [7d 3s Qh]
Hero: checks
42fe35dd: bets 1,172
8b6e8be9: folds
Hero: folds
Uncalled bet (1,172) returned to 42fe35dd
*** SHOWDOWN ***
42fe35dd collected 2,343 from pot
*** SUMMARY ***
Total pot 2,343 | Rake 0 | Jackpot 0 | Bingo 0 | Fortune 0 | Tax 0
Board [7d 3s Qh]
Seat 1: 7b0ec671 folded before Flop
Seat 2: 42fe35dd won (2,343)
Seat 3: a46a9b34 folded before Flop
Seat 4: 8b6e8be9 folded on the Flop
Seat 5: fc03154f (button) folded before Flop
Seat 6: 6176a2c1 (small blind) folded before Flop
Seat 7: 8ed794eb (big blind) folded before Flop
Seat 8: Hero folded on the Flop


Poker Hand #TM3514428137: Tournament #154332637, Bounty Hunters Big One $1.08 Hold'em No Limit - Level2(60/120) - 2024/07/24 11:42:51
Table '6' 8-max Seat #3 is the button
Seat 1: 7b0ec671 (9,447 in chips)
Seat 2: 42fe35dd (10,999 in chips)
Seat 3: a46a9b34 (7,139 in chips)
Seat 5: fc03154f (19,972 in chips)
Seat 6: 6176a2c1 (10,562 in chips)
Seat 7: 8ed794eb (9,297 in chips)
Seat 8: Hero (12,629 in chips)
a46a9b34: posts the ante 18
8ed794eb: posts the ante 18
42fe35dd: posts the ante 18
7b0ec671: posts the ante 18
fc03154f: posts the ante 18
6176a2c1: posts the ante 18
Hero: posts the ante 18
fc03154f: posts small blind 60
6176a2c1: posts big blind 120
*** HOLE CARDS ***
Dealt to 7b0ec671 
Dealt to 42fe35dd 
Dealt to a46a9b34 
Dealt to fc03154f 
Dealt to 6176a2c1 
Dealt to 8ed794eb 
Dealt to Hero [3h Ks]
8ed794eb: folds
Hero: folds
7b0ec671: raises 120 to 240
42fe35dd: folds
a46a9b34: folds
fc03154f: folds
6176a2c1: folds
Uncalled bet (120) returned to 7b0ec671
*** SHOWDOWN ***
7b0ec671 collected 426 from pot
*** SUMMARY ***
Total pot 426 | Rake 0 | Jackpot 0 | Bingo 0 | Fortune 0 | Tax 0
Seat 1: 7b0ec671 collected (426)
Seat 2: 42fe35dd folded before Flop
Seat 3: a46a9b34 (button) folded before Flop
Seat 5: fc03154f (small blind) folded before Flop
Seat 6: 6176a2c1 (big blind) folded before Flop
Seat 7: 8ed794eb folded before Flop
Seat 8: Hero folded before Flop


Poker Hand #TM3514428097: Tournament #154332637, Bounty Hunters Big One $1.08 Hold'em No Limit - Level2(60/120) - 2024/07/24 11:41:10
Table '6' 8-max Seat #2 is the button
Seat 1: 7b0ec671 (9,465 in chips)
Seat 2: 42fe35dd (11,560 in chips)
Seat 3: a46a9b34 (7,700 in chips)
Seat 4: e0ddb797 (1,720 in chips)
Seat 5: fc03154f (19,990 in chips)
Seat 6: 6176a2c1 (10,580 in chips)
Seat 7: 8ed794eb (9,315 in chips)
Seat 8: Hero (9,715 in chips)
a46a9b34: posts the ante 18
8ed794eb: posts the ante 18
e0ddb797: posts the ante 18
42fe35dd: posts the ante 18
7b0ec671: posts the ante 18
fc03154f: posts the ante 18
6176a2c1: posts the ante 18
Hero: posts the ante 18
a46a9b34: posts small blind 60
e0ddb797: posts big blind 120
*** HOLE CARDS ***
Dealt to 7b0ec671 
Dealt to 42fe35dd 
Dealt to a46a9b34 
Dealt to e0ddb797 
Dealt to fc03154f 
Dealt to 6176a2c1 
Dealt to 8ed794eb 
Dealt to Hero [Ks Kc]
fc03154f: folds
6176a2c1: folds
8ed794eb: folds
Hero: calls 120
7b0ec671: folds
42fe35dd: raises 423 to 543
a46a9b34: calls 483
e0ddb797: raises 1,159 to 1,702 and is all-in
Hero: raises 7,995 to 9,697 and is all-in
42fe35dd: folds
a46a9b34: folds
Uncalled bet (7,995) returned to Hero
Hero: shows [Ks Kc]
e0ddb797: shows [7d 7s]
*** FLOP *** [4d Th 9h]
*** TURN *** [4d Th 9h] [Ac]
*** RIVER *** [4d Th 9h Ac] [Jh]
*** SHOWDOWN ***
Hero collected 4,634 from pot
*** SUMMARY ***
Total pot 4,634 | Rake 0 | Jackpot 0 | Bingo 0 | Fortune 0 | Tax 0
Board [4d Th 9h Ac Jh]
Seat 1: 7b0ec671 folded before Flop
Seat 2: 42fe35dd (button) folded before Flop
Seat 3: a46a9b34 (small blind) folded before Flop
Seat 4: e0ddb797 (big blind) showed [7d 7s] and lost with Pair of Sevens
Seat 5: fc03154f folded before Flop
Seat 6: 6176a2c1 folded before Flop
Seat 7: 8ed794eb folded before Flop
Seat 8: Hero showed [Ks Kc] and won (4,634) with Pair of Kings


Poker Hand #TM3514428075: Tournament #154332637, Bounty Hunters Big One $1.08 Hold'em No Limit - Level1(50/100) - 2024/07/24 11:39:59
Table '6' 8-max Seat #1 is the button
Seat 1: 7b0ec671 (9,480 in chips)
Seat 2: 42fe35dd (11,465 in chips)
Seat 3: a46a9b34 (7,815 in chips)
Seat 4: e0ddb797 (1,625 in chips)
Seat 5: fc03154f (20,005 in chips)
Seat 6: 6176a2c1 (10,595 in chips)
Seat 7: 8ed794eb (9,330 in chips)
Seat 8: Hero (9,730 in chips)
a46a9b34: posts the ante 15
8ed794eb: posts the ante 15
e0ddb797: posts the ante 15
42fe35dd: posts the ante 15
7b0ec671: posts the ante 15
fc03154f: posts the ante 15
6176a2c1: posts the ante 15
Hero: posts the ante 15
42fe35dd: posts small blind 50
a46a9b34: posts big blind 100
*** HOLE CARDS ***
Dealt to 7b0ec671 
Dealt to 42fe35dd 
Dealt to a46a9b34 
Dealt to e0ddb797 
Dealt to fc03154f 
Dealt to 6176a2c1 
Dealt to 8ed794eb 
Dealt to Hero [5s Kh]
e0ddb797: raises 1,510 to 1,610 and is all-in
fc03154f: folds
6176a2c1: folds
8ed794eb: folds
Hero: folds
7b0ec671: folds
42fe35dd: raises 9,840 to 11,450 and is all-in
a46a9b34: folds
Uncalled bet (9,840) returned to 42fe35dd
42fe35dd: shows [Qc Kd]
e0ddb797: shows [Qd Ks]
*** FLOP *** [9s Js Th]
*** TURN *** [9s Js Th] [8d]
*** RIVER *** [9s Js Th 8d] [9c]
*** SHOWDOWN ***
42fe35dd collected 1,720 from pot
e0ddb797 collected 1,720 from pot
*** SUMMARY ***
Total pot 3,440 | Rake 0 | Jackpot 0 | Bingo 0 | Fortune 0 | Tax 0
Board [9s Js Th 8d 9c]
Seat 1: 7b0ec671 (button) folded before Flop
Seat 2: 42fe35dd (small blind) showed [Qc Kd] and won (1,720) with Kings-High Straight
Seat 3: a46a9b34 (big blind) folded before Flop
Seat 4: e0ddb797 showed [Qd Ks] and won (1,720) with Kings-High Straight
Seat 5: fc03154f folded before Flop
Seat 6: 6176a2c1 folded before Flop
Seat 7: 8ed794eb folded before Flop
Seat 8: Hero folded before Flop


Poker Hand #TM3514428051: Tournament #154332637, Bounty Hunters Big One $1.08 Hold'em No Limit - Level1(50/100) - 2024/07/24 11:38:48
Table '6' 8-max Seat #8 is the button
Seat 1: 7b0ec671 (9,545 in chips)
Seat 2: 42fe35dd (11,580 in chips)
Seat 3: a46a9b34 (8,230 in chips)
Seat 4: e0ddb797 (1,640 in chips)
Seat 5: fc03154f (20,020 in chips)
Seat 6: 6176a2c1 (10,610 in chips)
Seat 7: 8ed794eb (9,345 in chips)
Seat 8: Hero (9,075 in chips)
a46a9b34: posts the ante 15
8ed794eb: posts the ante 15
e0ddb797: posts the ante 15
42fe35dd: posts the ante 15
fc03154f: posts the ante 15
7b0ec671: posts the ante 15
6176a2c1: posts the ante 15
Hero: posts the ante 15
7b0ec671: posts small blind 50
42fe35dd: posts big blind 100
*** HOLE CARDS ***
Dealt to 7b0ec671 
Dealt to 42fe35dd 
Dealt to a46a9b34 
Dealt to e0ddb797 
Dealt to fc03154f 
Dealt to 6176a2c1 
Dealt to 8ed794eb 
Dealt to Hero [Ad Qd]
a46a9b34: raises 100 to 200
e0ddb797: folds
fc03154f: folds
6176a2c1: folds
8ed794eb: folds
Hero: raises 200 to 400
7b0ec671: folds
42fe35dd: folds
a46a9b34: calls 200
*** FLOP *** [5h 5s 7d]
a46a9b34: checks
Hero: bets 535
a46a9b34: folds
Uncalled bet (535) returned to Hero
*** SHOWDOWN ***
Hero collected 1,070 from pot
*** SUMMARY ***
Total pot 1,070 | Rake 0 | Jackpot 0 | Bingo 0 | Fortune 0 | Tax 0
Board [5h 5s 7d]
Seat 1: 7b0ec671 (small blind) folded before Flop
Seat 2: 42fe35dd (big blind) folded before Flop
Seat 3: a46a9b34 folded on the Flop
Seat 4: e0ddb797 folded before Flop
Seat 5: fc03154f folded before Flop
Seat 6: 6176a2c1 folded before Flop
Seat 7: 8ed794eb folded before Flop
Seat 8: Hero (button) won (1,070)


Poker Hand #TM3514428022: Tournament #154332637, Bounty Hunters Big One $1.08 Hold'em No Limit - Level1(50/100) - 2024/07/24 11:37:15
Table '6' 8-max Seat #7 is the button
Seat 1: 7b0ec671 (9,660 in chips)
Seat 2: 42fe35dd (9,860 in chips)
Seat 3: a46a9b34 (9,710 in chips)
Seat 4: e0ddb797 (1,655 in chips)
Seat 5: fc03154f (20,035 in chips)
Seat 6: 6176a2c1 (10,625 in chips)
Seat 7: 8ed794eb (9,360 in chips)
Seat 8: Hero (9,140 in chips)
a46a9b34: posts the ante 15
8ed794eb: posts the ante 15
e0ddb797: posts the ante 15
42fe35dd: posts the ante 15
fc03154f: posts the ante 15
7b0ec671: posts the ante 15
6176a2c1: posts the ante 15
Hero: posts the ante 15
Hero: posts small blind 50
7b0ec671: posts big blind 100
*** HOLE CARDS ***
Dealt to 7b0ec671 
Dealt to 42fe35dd 
Dealt to a46a9b34 
Dealt to e0ddb797 
Dealt to fc03154f 
Dealt to 6176a2c1 
Dealt to 8ed794eb 
Dealt to Hero [Ks 8d]
42fe35dd: raises 150 to 250
a46a9b34: calls 250
e0ddb797: folds
fc03154f: folds
6176a2c1: folds
8ed794eb: folds
Hero: folds
7b0ec671: folds
*** FLOP *** [Qc Kh As]
42fe35dd: bets 255
a46a9b34: calls 255
*** TURN *** [Qc Kh As] [7d]
42fe35dd: bets 960
a46a9b34: calls 960
*** RIVER *** [Qc Kh As 7d] [9s]
42fe35dd: bets 4,600
a46a9b34: folds
Uncalled bet (4,600) returned to 42fe35dd
*** SHOWDOWN ***
42fe35dd collected 3,200 from pot
*** SUMMARY ***
Total pot 3,200 | Rake 0 | Jackpot 0 | Bingo 0 | Fortune 0 | Tax 0
Board [Qc Kh As 7d 9s]
Seat 1: 7b0ec671 (big blind) folded before Flop
Seat 2: 42fe35dd won (3,200)
Seat 3: a46a9b34 folded on the River
Seat 4: e0ddb797 folded before Flop
Seat 5: fc03154f folded before Flop
Seat 6: 6176a2c1 folded before Flop
Seat 7: 8ed794eb (button) folded before Flop
Seat 8: Hero (small blind) folded before Flop


Poker Hand #TM3514428005: Tournament #154332637, Bounty Hunters Big One $1.08 Hold'em No Limit - Level1(50/100) - 2024/07/24 11:36:23
Table '6' 8-max Seat #6 is the button
Seat 1: 7b0ec671 (9,675 in chips)
Seat 2: 42fe35dd (9,875 in chips)
Seat 3: a46a9b34 (9,455 in chips)
Seat 4: e0ddb797 (1,670 in chips)
Seat 5: fc03154f (20,050 in chips)
Seat 6: 6176a2c1 (10,640 in chips)
Seat 7: 8ed794eb (9,425 in chips)
Seat 8: Hero (9,255 in chips)
a46a9b34: posts the ante 15
e0ddb797: posts the ante 15
8ed794eb: posts the ante 15
42fe35dd: posts the ante 15
fc03154f: posts the ante 15
7b0ec671: posts the ante 15
6176a2c1: posts the ante 15
Hero: posts the ante 15
8ed794eb: posts small blind 50
Hero: posts big blind 100
*** HOLE CARDS ***
Dealt to 7b0ec671 
Dealt to 42fe35dd 
Dealt to a46a9b34 
Dealt to e0ddb797 
Dealt to fc03154f 
Dealt to 6176a2c1 
Dealt to 8ed794eb 
Dealt to Hero [6d 9h]
7b0ec671: folds
42fe35dd: folds
a46a9b34: raises 300 to 400
e0ddb797: folds
fc03154f: folds
6176a2c1: folds
8ed794eb: folds
Hero: folds
Uncalled bet (300) returned to a46a9b34
*** SHOWDOWN ***
a46a9b34 collected 370 from pot
*** SUMMARY ***
Total pot 370 | Rake 0 | Jackpot 0 | Bingo 0 | Fortune 0 | Tax 0
Seat 1: 7b0ec671 folded before Flop
Seat 2: 42fe35dd folded before Flop
Seat 3: a46a9b34 collected (370)
Seat 4: e0ddb797 folded before Flop
Seat 5: fc03154f folded before Flop
Seat 6: 6176a2c1 (button) folded before Flop
Seat 7: 8ed794eb (small blind) folded before Flop
Seat 8: Hero (big blind) folded before Flop


Poker Hand #TM3514427974: Tournament #154332637, Bounty Hunters Big One $1.08 Hold'em No Limit - Level1(50/100) - 2024/07/24 11:34:56
Table '6' 8-max Seat #5 is the button
Seat 1: 7b0ec671 (9,940 in chips)
Seat 2: 42fe35dd (9,890 in chips)
Seat 3: a46a9b34 (9,470 in chips)
Seat 4: e0ddb797 (590 in chips)
Seat 5: fc03154f (20,065 in chips)
Seat 6: 6176a2c1 (10,705 in chips)
Seat 7: 8ed794eb (9,540 in chips)
Seat 8: Hero (9,845 in chips)
a46a9b34: posts the ante 15
e0ddb797: posts the ante 15
8ed794eb: posts the ante 15
42fe35dd: posts the ante 15
fc03154f: posts the ante 15
7b0ec671: posts the ante 15
6176a2c1: posts the ante 15
Hero: posts the ante 15
6176a2c1: posts small blind 50
8ed794eb: posts big blind 100
*** HOLE CARDS ***
Dealt to 7b0ec671 
Dealt to 42fe35dd 
Dealt to a46a9b34 
Dealt to e0ddb797 
Dealt to fc03154f 
Dealt to 6176a2c1 
Dealt to 8ed794eb 
Dealt to Hero [Qh Jh]
Hero: raises 150 to 250
7b0ec671: calls 250
42fe35dd: folds
a46a9b34: folds
e0ddb797: raises 325 to 575 and is all-in
fc03154f: folds
6176a2c1: folds
8ed794eb: folds
Hero: calls 325
7b0ec671: folds
e0ddb797: shows [Jd Tc]
Hero: shows [Qh Jh]
*** FLOP *** [8c 2s 5s]
*** TURN *** [8c 2s 5s] [Kh]
*** RIVER *** [8c 2s 5s Kh] [Th]
*** SHOWDOWN ***
e0ddb797 collected 1,670 from pot
*** SUMMARY ***
Total pot 1,670 | Rake 0 | Jackpot 0 | Bingo 0 | Fortune 0 | Tax 0
Board [8c 2s 5s Kh Th]
Seat 1: 7b0ec671 folded before Flop
Seat 2: 42fe35dd folded before Flop
Seat 3: a46a9b34 folded before Flop
Seat 4: e0ddb797 showed [Jd Tc] and won (1,670) with Pair of Tens
Seat 5: fc03154f (button) folded before Flop
Seat 6: 6176a2c1 (small blind) folded before Flop
Seat 7: 8ed794eb (big blind) folded before Flop
Seat 8: Hero showed [Qh Jh] and lost with King-High


Poker Hand #TM3514427956: Tournament #154332637, Bounty Hunters Big One $1.08 Hold'em No Limit - Level1(50/100) - 2024/07/24 11:34:06
Table '6' 8-max Seat #4 is the button
Seat 1: 7b0ec671 (9,955 in chips)
Seat 2: 42fe35dd (9,905 in chips)
Seat 3: a46a9b34 (9,685 in chips)
Seat 4: e0ddb797 (605 in chips)
Seat 5: fc03154f (20,280 in chips)
Seat 6: 6176a2c1 (10,000 in chips)
Seat 7: 8ed794eb (9,755 in chips)
Seat 8: Hero (9,860 in chips)
a46a9b34: posts the ante 15
e0ddb797: posts the ante 15
8ed794eb: posts the ante 15
42fe35dd: posts the ante 15
7b0ec671: posts the ante 15
fc03154f: posts the ante 15
6176a2c1: posts the ante 15
Hero: posts the ante 15
fc03154f: posts small blind 50
6176a2c1: posts big blind 100
*** HOLE CARDS ***
Dealt to 7b0ec671 
Dealt to 42fe35dd 
Dealt to a46a9b34 
Dealt to e0ddb797 
Dealt to fc03154f 
Dealt to 6176a2c1 
Dealt to 8ed794eb 
Dealt to Hero [3h Kd]
8ed794eb: raises 100 to 200
Hero: folds
7b0ec671: folds
42fe35dd: folds
a46a9b34: calls 200
e0ddb797: folds
fc03154f: calls 150
6176a2c1: raises 1,000 to 1,200
8ed794eb: folds
a46a9b34: folds
fc03154f: folds
Uncalled bet (1,000) returned to 6176a2c1
*** SHOWDOWN ***
6176a2c1 collected 920 from pot
*** SUMMARY ***
Total pot 920 | Rake 0 | Jackpot 0 | Bingo 0 | Fortune 0 | Tax 0
Seat 1: 7b0ec671 folded before Flop
Seat 2: 42fe35dd folded before Flop
Seat 3: a46a9b34 folded before Flop
Seat 4: e0ddb797 (button) folded before Flop
Seat 5: fc03154f (small blind) folded before Flop
Seat 6: 6176a2c1 (big blind) collected (920)
Seat 7: 8ed794eb folded before Flop
Seat 8: Hero folded before Flop


Poker Hand #TM3514427935: Tournament #154332637, Bounty Hunters Big One $1.08 Hold'em No Limit - Level1(50/100) - 2024/07/24 11:33:01
Table '6' 8-max Seat #3 is the button
Seat 1: 7b0ec671 (9,970 in chips)
Seat 2: 42fe35dd (9,920 in chips)
Seat 3: a46a9b34 (9,700 in chips)
Seat 4: e0ddb797 (10,575 in chips)
Seat 5: fc03154f (9,970 in chips)
Seat 6: 90048508 (9,970 in chips)
Seat 7: 8ed794eb (9,770 in chips)
Seat 8: Hero (10,125 in chips)
a46a9b34: posts the ante 15
8ed794eb: posts the ante 15
e0ddb797: posts the ante 15
42fe35dd: posts the ante 15
7b0ec671: posts the ante 15
fc03154f: posts the ante 15
90048508: posts the ante 15
Hero: posts the ante 15
e0ddb797: posts small blind 50
fc03154f: posts big blind 100
*** HOLE CARDS ***
Dealt to 7b0ec671 
Dealt to 42fe35dd 
Dealt to a46a9b34 
Dealt to e0ddb797 
Dealt to fc03154f 
Dealt to 90048508 
Dealt to 8ed794eb 
Dealt to Hero [8d 9d]
90048508: folds
8ed794eb: folds
Hero: raises 150 to 250
7b0ec671: folds
42fe35dd: folds
a46a9b34: folds
e0ddb797: raises 720 to 970
fc03154f: raises 2,310 to 3,280
Hero: folds
e0ddb797: raises 7,280 to 10,560 and is all-in
fc03154f: calls 6,675 and is all-in
Uncalled bet (605) returned to e0ddb797
e0ddb797: shows [Ks Kd]
fc03154f: shows [Ad Ah]
*** FLOP *** [6d Qs 3h]
*** TURN *** [6d Qs 3h] [Js]
*** RIVER *** [6d Qs 3h Js] [2c]
*** SHOWDOWN ***
fc03154f collected 20,280 from pot
*** SUMMARY ***
Total pot 20,280 | Rake 0 | Jackpot 0 | Bingo 0 | Fortune 0 | Tax 0
Board [6d Qs 3h Js 2c]
Seat 1: 7b0ec671 folded before Flop
Seat 2: 42fe35dd folded before Flop
Seat 3: a46a9b34 (button) folded before Flop
Seat 4: e0ddb797 (small blind) showed [Ks Kd] and lost with Pair of Kings
Seat 5: fc03154f (big blind) showed [Ad Ah] and won (20,280) with Pair of Aces
Seat 6: 90048508 folded before Flop
Seat 7: 8ed794eb folded before Flop
Seat 8: Hero folded before Flop


Poker Hand #TM3514427908: Tournament #154332637, Bounty Hunters Big One $1.08 Hold'em No Limit - Level1(50/100) - 2024/07/24 11:31:38
Table '6' 8-max Seat #2 is the button
Seat 1: 7b0ec671 (9,985 in chips)
Seat 2: 42fe35dd (9,935 in chips)
Seat 3: a46a9b34 (9,765 in chips)
Seat 4: e0ddb797 (9,765 in chips)
Seat 5: fc03154f (9,985 in chips)
Seat 6: 90048508 (9,985 in chips)
Seat 7: 8ed794eb (9,985 in chips)
Seat 8: Hero (10,595 in chips)
a46a9b34: posts the ante 15
8ed794eb: posts the ante 15
e0ddb797: posts the ante 15
42fe35dd: posts the ante 15
7b0ec671: posts the ante 15
fc03154f: posts the ante 15
90048508: posts the ante 15
Hero: posts the ante 15
a46a9b34: posts small blind 50
e0ddb797: posts big blind 100
*** HOLE CARDS ***
Dealt to 7b0ec671 
Dealt to 42fe35dd 
Dealt to a46a9b34 
Dealt to e0ddb797 
Dealt to fc03154f 
Dealt to 90048508 
Dealt to 8ed794eb 
Dealt to Hero [7h 7d]
fc03154f: folds
90048508: folds
8ed794eb: raises 100 to 200
Hero: calls 200
7b0ec671: folds
42fe35dd: folds
a46a9b34: folds
e0ddb797: calls 100
*** FLOP *** [Ks 2c 6s]
e0ddb797: checks
8ed794eb: checks
Hero: bets 255
e0ddb797: raises 960 to 1,215
8ed794eb: folds
Hero: folds
Uncalled bet (960) returned to e0ddb797
*** SHOWDOWN ***
e0ddb797 collected 1,280 from pot
*** SUMMARY ***
Total pot 1,280 | Rake 0 | Jackpot 0 | Bingo 0 | Fortune 0 | Tax 0
Board [Ks 2c 6s]
Seat 1: 7b0ec671 folded before Flop
Seat 2: 42fe35dd (button) folded before Flop
Seat 3: a46a9b34 (small blind) folded before Flop
Seat 4: e0ddb797 (big blind) won (1,280)
Seat 5: fc03154f folded before Flop
Seat 6: 90048508 folded before Flop
Seat 7: 8ed794eb folded on the Flop
Seat 8: Hero folded on the Flop


Poker Hand #TM3514427875: Tournament #154332637, Bounty Hunters Big One $1.08 Hold'em No Limit - Level1(50/100) - 2024/07/24 11:30:02
Table '6' 8-max Seat #1 is the button
Seat 1: 7b0ec671 (10,000 in chips)
Seat 2: 42fe35dd (10,000 in chips)
Seat 3: a46a9b34 (10,000 in chips)
Seat 4: e0ddb797 (10,000 in chips)
Seat 5: fc03154f (10,000 in chips)
Seat 6: 90048508 (10,000 in chips)
Seat 7: 8ed794eb (10,000 in chips)
Seat 8: Hero (10,000 in chips)
a46a9b34: posts the ante 15
8ed794eb: posts the ante 15
e0ddb797: posts the ante 15
42fe35dd: posts the ante 15
7b0ec671: posts the ante 15
fc03154f: posts the ante 15
90048508: posts the ante 15
Hero: posts the ante 15
42fe35dd: posts small blind 50
a46a9b34: posts big blind 100
*** HOLE CARDS ***
Dealt to 7b0ec671 
Dealt to 42fe35dd 
Dealt to a46a9b34 
Dealt to e0ddb797 
Dealt to fc03154f 
Dealt to 90048508 
Dealt to 8ed794eb 
Dealt to Hero [Kd 8h]
e0ddb797: raises 120 to 220
fc03154f: folds
90048508: folds
8ed794eb: folds
Hero: calls 220
7b0ec671: folds
42fe35dd: folds
a46a9b34: calls 120
*** FLOP *** [Qs 9d Kc]
a46a9b34: checks
e0ddb797: checks
Hero: bets 274
a46a9b34: folds
e0ddb797: folds
Uncalled bet (274) returned to Hero
*** SHOWDOWN ***
Hero collected 830 from pot
*** SUMMARY ***
Total pot 830 | Rake 0 | Jackpot 0 | Bingo 0 | Fortune 0 | Tax 0
Board [Qs 9d Kc]
Seat 1: 7b0ec671 (button) folded before Flop
Seat 2: 42fe35dd (small blind) folded before Flop
Seat 3: a46a9b34 (big blind) folded on the Flop
Seat 4: e0ddb797 folded on the Flop
Seat 5: fc03154f folded before Flop
Seat 6: 90048508 folded before Flop
Seat 7: 8ed794eb folded before Flop
Seat 8: Hero won (830)


