Poker Hand #TM3619166199: Tournament #160028454, Bounty Hunters Big One $1.08 Hold'em No Limit - Level3(80/160) - 2024/08/26 11:50:16
Table '88' 8-max Seat #3 is the button
Seat 1: 66bc21c (9,730 in chips)
Seat 2: c6e6164d (10,000 in chips)
Seat 3: Hero (4,158 in chips)
Seat 4: dd489d0f (21,126 in chips)
Seat 5: 9b5f6a10 (10,997 in chips)
Seat 6: e0d50650 (8,872 in chips)
Seat 7: 76f5a717 (6,459 in chips)
Seat 8: 8a541188 (11,716 in chips)
e0d50650: posts the ante 24
66bc21c: posts the ante 24
8a541188: posts the ante 24
9b5f6a10: posts the ante 24
dd489d0f: posts the ante 24
c6e6164d: posts the ante 24
Hero: posts the ante 24
76f5a717: posts the ante 24
dd489d0f: posts small blind 80
9b5f6a10: posts big blind 160
*** HOLE CARDS ***
Dealt to 66bc21c 
Dealt to c6e6164d 
Dealt to Hero [Ah Jd]
Dealt to dd489d0f 
Dealt to 9b5f6a10 
Dealt to e0d50650 
Dealt to 76f5a717 
Dealt to 8a541188 
e0d50650: raises 160 to 320
76f5a717: folds
8a541188: folds
66bc21c: raises 800 to 1,120
c6e6164d: folds
Hero: calls 1,120
dd489d0f: folds
9b5f6a10: folds
e0d50650: raises 7,728 to 8,848 and is all-in
66bc21c: calls 7,728
Hero: calls 3,014 and is all-in
e0d50650: shows [As Th]
66bc21c: shows [Qc Ac]
Hero: shows [Ah Jd]
*** FLOP *** [8c 7s Kd]
*** TURN *** [8c 7s Kd] [4d]
*** RIVER *** [8c 7s Kd 4d] [4c]
*** SHOWDOWN ***
66bc21c collected 12,834 from pot
66bc21c collected 9,428 from pot
*** SUMMARY ***
Total pot 22,262 | Rake 0 | Jackpot 0 | Bingo 0 | Fortune 0 | Tax 0
Board [8c 7s Kd 4d 4c]
Seat 1: 66bc21c showed [Qc Ac] and won (22,262) with Pair of Fours
Seat 2: c6e6164d folded before Flop
Seat 3: Hero (button) showed [Ah Jd] and lost with Pair of Fours
Seat 4: dd489d0f (small blind) folded before Flop
Seat 5: 9b5f6a10 (big blind) folded before Flop
Seat 6: e0d50650 showed [As Th] and lost with Pair of Fours
Seat 7: 76f5a717 folded before Flop
Seat 8: 8a541188 folded before Flop


Poker Hand #TM3619166177: Tournament #160028454, Bounty Hunters Big One $1.08 Hold'em No Limit - Level2(60/120) - 2024/08/26 11:49:17
Table '88' 8-max Seat #1 is the button
Seat 1: 66bc21c (9,748 in chips)
Seat 3: Hero (1,854 in chips)
Seat 4: dd489d0f (21,264 in chips)
Seat 5: 9b5f6a10 (11,255 in chips)
Seat 6: e0d50650 (8,890 in chips)
Seat 7: 76f5a717 (6,477 in chips)
Seat 8: 8a541188 (13,570 in chips)
e0d50650: posts the ante 18
66bc21c: posts the ante 18
8a541188: posts the ante 18
9b5f6a10: posts the ante 18
dd489d0f: posts the ante 18
76f5a717: posts the ante 18
Hero: posts the ante 18
Hero: posts small blind 60
dd489d0f: posts big blind 120
*** HOLE CARDS ***
Dealt to 66bc21c 
Dealt to Hero [Jc 8h]
Dealt to dd489d0f 
Dealt to 9b5f6a10 
Dealt to e0d50650 
Dealt to 76f5a717 
Dealt to 8a541188 
9b5f6a10: raises 120 to 240
e0d50650: folds
76f5a717: folds
8a541188: calls 240
66bc21c: folds
Hero: calls 180
dd489d0f: folds
*** FLOP *** [Kh Js 8s]
Hero: bets 1,596 and is all-in
9b5f6a10: folds
8a541188: calls 1,596
Hero: shows [Jc 8h] (Pair of Jacks and Pair of Eights)
8a541188: shows [Qs Tc] (King-High)
*** TURN *** [Kh Js 8s] [7d]
*** RIVER *** [Kh Js 8s 7d] [5d]
dd489d0f: shows [Qh] (King-High)
*** SHOWDOWN ***
Hero collected 4,158 from pot
*** SUMMARY ***
Total pot 4,158 | Rake 0 | Jackpot 0 | Bingo 0 | Fortune 0 | Tax 0
Board [Kh Js 8s 7d 5d]
Seat 1: 66bc21c (button) folded before Flop
Seat 3: Hero (small blind) showed [Jc 8h] and won (4,158) with Pair of Jacks and Pair of Eights
Seat 4: dd489d0f (big blind) folded before Flop
Seat 5: 9b5f6a10 folded on the Flop
Seat 6: e0d50650 folded before Flop
Seat 7: 76f5a717 folded before Flop
Seat 8: 8a541188 showed [Qs Tc] and lost with King-High


Poker Hand #TM3619166147: Tournament #160028454, Bounty Hunters Big One $1.08 Hold'em No Limit - Level2(60/120) - 2024/08/26 11:47:49
Table '88' 8-max Seat #8 is the button
Seat 1: 66bc21c (9,826 in chips)
Seat 3: Hero (12,411 in chips)
Seat 4: dd489d0f (10,557 in chips)
Seat 5: 9b5f6a10 (11,273 in chips)
Seat 6: e0d50650 (8,908 in chips)
Seat 7: 76f5a717 (6,495 in chips)
Seat 8: 8a541188 (13,588 in chips)
e0d50650: posts the ante 18
8a541188: posts the ante 18
9b5f6a10: posts the ante 18
66bc21c: posts the ante 18
dd489d0f: posts the ante 18
76f5a717: posts the ante 18
Hero: posts the ante 18
66bc21c: posts small blind 60
Hero: posts big blind 120
*** HOLE CARDS ***
Dealt to 66bc21c 
Dealt to Hero [As Ks]
Dealt to dd489d0f 
Dealt to 9b5f6a10 
Dealt to e0d50650 
Dealt to 76f5a717 
Dealt to 8a541188 
dd489d0f: raises 120 to 240
9b5f6a10: folds
e0d50650: folds
76f5a717: folds
8a541188: folds
66bc21c: folds
Hero: raises 333 to 573
dd489d0f: calls 333
*** FLOP *** [6s Ts 2h]
Hero: bets 999
dd489d0f: raises 1,809 to 2,808
Hero: calls 1,809
*** TURN *** [6s Ts 2h] [8c]
Hero: checks
dd489d0f: bets 7,158 and is all-in
Hero: calls 7,158
dd489d0f: shows [Ah Ac] (Pair of Aces)
Hero: shows [As Ks] (Ace-High)
*** RIVER *** [6s Ts 2h 8c] [5c]
*** SHOWDOWN ***
dd489d0f collected 21,264 from pot
*** SUMMARY ***
Total pot 21,264 | Rake 0 | Jackpot 0 | Bingo 0 | Fortune 0 | Tax 0
Board [6s Ts 2h 8c 5c]
Seat 1: 66bc21c (small blind) folded before Flop
Seat 3: Hero (big blind) showed [As Ks] and lost with Ace-High
Seat 4: dd489d0f showed [Ah Ac] and won (21,264) with Pair of Aces
Seat 5: 9b5f6a10 folded before Flop
Seat 6: e0d50650 folded before Flop
Seat 7: 76f5a717 folded before Flop
Seat 8: 8a541188 (button) folded before Flop


Poker Hand #TM3619166114: Tournament #160028454, Bounty Hunters Big One $1.08 Hold'em No Limit - Level2(60/120) - 2024/08/26 11:46:19
Table '88' 8-max Seat #7 is the button
Seat 1: 66bc21c (9,964 in chips)
Seat 2: aea4dd60 (23,014 in chips)
Seat 3: Hero (10,842 in chips)
Seat 4: dd489d0f (10,575 in chips)
Seat 5: 9b5f6a10 (11,531 in chips)
Seat 6: e0d50650 (8,926 in chips)
Seat 7: 76f5a717 (6,513 in chips)
Seat 8: 8a541188 (13,666 in chips)
e0d50650: posts the ante 18
9b5f6a10: posts the ante 18
66bc21c: posts the ante 18
8a541188: posts the ante 18
dd489d0f: posts the ante 18
aea4dd60: posts the ante 18
76f5a717: posts the ante 18
Hero: posts the ante 18
8a541188: posts small blind 60
66bc21c: posts big blind 120
*** HOLE CARDS ***
Dealt to 66bc21c 
Dealt to aea4dd60 
Dealt to Hero [Jd Td]
Dealt to dd489d0f 
Dealt to 9b5f6a10 
Dealt to e0d50650 
Dealt to 76f5a717 
Dealt to 8a541188 
aea4dd60: calls 120
Hero: raises 120 to 240
dd489d0f: folds
9b5f6a10: calls 240
e0d50650: folds
76f5a717: folds
8a541188: folds
66bc21c: folds
aea4dd60: calls 120
*** FLOP *** [Ts 6s 5h]
aea4dd60: checks
Hero: bets 783
9b5f6a10: folds
aea4dd60: calls 783
*** TURN *** [Ts 6s 5h] [7c]
aea4dd60: checks
Hero: bets 862
aea4dd60: folds
Uncalled bet (862) returned to Hero
*** SHOWDOWN ***
Hero collected 2,610 from pot
*** SUMMARY ***
Total pot 2,610 | Rake 0 | Jackpot 0 | Bingo 0 | Fortune 0 | Tax 0
Board [Ts 6s 5h 7c]
Seat 1: 66bc21c (big blind) folded before Flop
Seat 2: aea4dd60 folded on the Turn
Seat 3: Hero won (2,610)
Seat 4: dd489d0f folded before Flop
Seat 5: 9b5f6a10 folded on the Flop
Seat 6: e0d50650 folded before Flop
Seat 7: 76f5a717 (button) folded before Flop
Seat 8: 8a541188 (small blind) folded before Flop


Poker Hand #TM3619166096: Tournament #160028454, Bounty Hunters Big One $1.08 Hold'em No Limit - Level2(60/120) - 2024/08/26 11:45:42
Table '88' 8-max Seat #6 is the button
Seat 1: 66bc21c (9,982 in chips)
Seat 2: aea4dd60 (23,032 in chips)
Seat 3: Hero (10,860 in chips)
Seat 4: dd489d0f (10,593 in chips)
Seat 5: 9b5f6a10 (11,549 in chips)
Seat 6: e0d50650 (8,944 in chips)
Seat 7: 76f5a717 (6,267 in chips)
Seat 8: 8a541188 (13,804 in chips)
e0d50650: posts the ante 18
9b5f6a10: posts the ante 18
66bc21c: posts the ante 18
8a541188: posts the ante 18
dd489d0f: posts the ante 18
aea4dd60: posts the ante 18
Hero: posts the ante 18
76f5a717: posts the ante 18
76f5a717: posts small blind 60
8a541188: posts big blind 120
*** HOLE CARDS ***
Dealt to 66bc21c 
Dealt to aea4dd60 
Dealt to Hero [2h 9h]
Dealt to dd489d0f 
Dealt to 9b5f6a10 
Dealt to e0d50650 
Dealt to 76f5a717 
Dealt to 8a541188 
66bc21c: folds
aea4dd60: folds
Hero: folds
dd489d0f: folds
9b5f6a10: folds
e0d50650: folds
76f5a717: raises 240 to 360
8a541188: folds
Uncalled bet (240) returned to 76f5a717
*** SHOWDOWN ***
76f5a717 collected 384 from pot
*** SUMMARY ***
Total pot 384 | Rake 0 | Jackpot 0 | Bingo 0 | Fortune 0 | Tax 0
Seat 1: 66bc21c folded before Flop
Seat 2: aea4dd60 folded before Flop
Seat 3: Hero folded before Flop
Seat 4: dd489d0f folded before Flop
Seat 5: 9b5f6a10 folded before Flop
Seat 6: e0d50650 (button) folded before Flop
Seat 7: 76f5a717 (small blind) collected (384)
Seat 8: 8a541188 (big blind) folded before Flop


Poker Hand #TM3619166061: Tournament #160028454, Bounty Hunters Big One $1.08 Hold'em No Limit - Level2(60/120) - 2024/08/26 11:44:15
Table '88' 8-max Seat #5 is the button
Seat 1: 66bc21c (10,000 in chips)
Seat 2: aea4dd60 (20,908 in chips)
Seat 3: Hero (10,878 in chips)
Seat 4: dd489d0f (10,611 in chips)
Seat 5: 9b5f6a10 (11,687 in chips)
Seat 6: e0d50650 (10,720 in chips)
Seat 7: 76f5a717 (6,405 in chips)
Seat 8: 8a541188 (13,822 in chips)
e0d50650: posts the ante 18
9b5f6a10: posts the ante 18
66bc21c: posts the ante 18
8a541188: posts the ante 18
dd489d0f: posts the ante 18
aea4dd60: posts the ante 18
Hero: posts the ante 18
76f5a717: posts the ante 18
e0d50650: posts small blind 60
76f5a717: posts big blind 120
*** HOLE CARDS ***
Dealt to 66bc21c 
Dealt to aea4dd60 
Dealt to Hero [8c 2c]
Dealt to dd489d0f 
Dealt to 9b5f6a10 
Dealt to e0d50650 
Dealt to 76f5a717 
Dealt to 8a541188 
8a541188: folds
66bc21c: folds
aea4dd60: calls 120
Hero: folds
dd489d0f: folds
9b5f6a10: calls 120
e0d50650: calls 60
76f5a717: checks
*** FLOP *** [Js Ks Th]
e0d50650: checks
76f5a717: checks
aea4dd60: bets 468
9b5f6a10: folds
e0d50650: calls 468
76f5a717: folds
*** TURN *** [Js Ks Th] [8h]
e0d50650: checks
aea4dd60: bets 1,170
e0d50650: calls 1,170
*** RIVER *** [Js Ks Th 8h] [9h]
e0d50650: checks
aea4dd60: checks
e0d50650: shows [Kc 5d] (Pair of Kings)
aea4dd60: shows [Ac Kh] (Pair of Kings)
*** SHOWDOWN ***
aea4dd60 collected 3,900 from pot
*** SUMMARY ***
Total pot 3,900 | Rake 0 | Jackpot 0 | Bingo 0 | Fortune 0 | Tax 0
Board [Js Ks Th 8h 9h]
Seat 1: 66bc21c folded before Flop
Seat 2: aea4dd60 showed [Ac Kh] and won (3,900) with Pair of Kings
Seat 3: Hero folded before Flop
Seat 4: dd489d0f folded before Flop
Seat 5: 9b5f6a10 (button) folded on the Flop
Seat 6: e0d50650 (small blind) showed [Kc 5d] and lost with Pair of Kings
Seat 7: 76f5a717 (big blind) folded on the Flop
Seat 8: 8a541188 folded before Flop


Poker Hand #TM3619425549: Tournament #160028454, Bounty Hunters Big One $1.08 Hold'em No Limit - Level2(60/120) - 2024/08/26 11:43:39
Table '73' 8-max Seat #2 is the button
Seat 1: a1434253 (7,226 in chips)
Seat 2: 9ac36cfa (11,155 in chips)
Seat 3: cd4f1d3c (8,581 in chips)
Seat 4: 418a9b06 (12,789 in chips)
Seat 5: Hero (10,572 in chips)
Seat 6: 8cfdf7b0 (8,421 in chips)
Seat 7: b1bffe7 (15,105 in chips)
Seat 8: 335852b4 (4,216 in chips)
cd4f1d3c: posts the ante 18
9ac36cfa: posts the ante 18
a1434253: posts the ante 18
418a9b06: posts the ante 18
b1bffe7: posts the ante 18
8cfdf7b0: posts the ante 18
Hero: posts the ante 18
335852b4: posts the ante 18
cd4f1d3c: posts small blind 60
418a9b06: posts big blind 120
*** HOLE CARDS ***
Dealt to a1434253 
Dealt to 9ac36cfa 
Dealt to cd4f1d3c 
Dealt to 418a9b06 
Dealt to Hero [Tc Qc]
Dealt to 8cfdf7b0 
Dealt to b1bffe7 
Dealt to 335852b4 
Hero: raises 120 to 240
8cfdf7b0: folds
b1bffe7: folds
335852b4: folds
a1434253: folds
9ac36cfa: folds
cd4f1d3c: folds
418a9b06: folds
Uncalled bet (120) returned to Hero
*** SHOWDOWN ***
Hero collected 444 from pot
*** SUMMARY ***
Total pot 444 | Rake 0 | Jackpot 0 | Bingo 0 | Fortune 0 | Tax 0
Seat 1: a1434253 folded before Flop
Seat 2: 9ac36cfa (button) folded before Flop
Seat 3: cd4f1d3c (small blind) folded before Flop
Seat 4: 418a9b06 (big blind) folded before Flop
Seat 5: Hero collected (444)
Seat 6: 8cfdf7b0 folded before Flop
Seat 7: b1bffe7 folded before Flop
Seat 8: 335852b4 folded before Flop


Poker Hand #TM3619425530: Tournament #160028454, Bounty Hunters Big One $1.08 Hold'em No Limit - Level2(60/120) - 2024/08/26 11:42:48
Table '73' 8-max Seat #1 is the button
Seat 1: a1434253 (8,444 in chips)
Seat 2: 9ac36cfa (11,233 in chips)
Seat 3: cd4f1d3c (8,719 in chips)
Seat 4: 418a9b06 (11,007 in chips)
Seat 5: Hero (10,590 in chips)
Seat 6: 8cfdf7b0 (8,439 in chips)
Seat 7: b1bffe7 (15,399 in chips)
Seat 8: 335852b4 (4,234 in chips)
cd4f1d3c: posts the ante 18
9ac36cfa: posts the ante 18
a1434253: posts the ante 18
418a9b06: posts the ante 18
b1bffe7: posts the ante 18
8cfdf7b0: posts the ante 18
Hero: posts the ante 18
335852b4: posts the ante 18
9ac36cfa: posts small blind 60
cd4f1d3c: posts big blind 120
*** HOLE CARDS ***
Dealt to a1434253 
Dealt to 9ac36cfa 
Dealt to cd4f1d3c 
Dealt to 418a9b06 
Dealt to Hero [3c 2d]
Dealt to 8cfdf7b0 
Dealt to b1bffe7 
Dealt to 335852b4 
418a9b06: raises 156 to 276
Hero: folds
8cfdf7b0: folds
b1bffe7: calls 276
335852b4: folds
a1434253: raises 924 to 1,200
9ac36cfa: folds
cd4f1d3c: folds
418a9b06: raises 9,789 to 10,989 and is all-in
b1bffe7: folds
a1434253: folds
Uncalled bet (9,789) returned to 418a9b06
*** SHOWDOWN ***
418a9b06 collected 3,000 from pot
*** SUMMARY ***
Total pot 3,000 | Rake 0 | Jackpot 0 | Bingo 0 | Fortune 0 | Tax 0
Seat 1: a1434253 (button) folded before Flop
Seat 2: 9ac36cfa (small blind) folded before Flop
Seat 3: cd4f1d3c (big blind) folded before Flop
Seat 4: 418a9b06 collected (3,000)
Seat 5: Hero folded before Flop
Seat 6: 8cfdf7b0 folded before Flop
Seat 7: b1bffe7 folded before Flop
Seat 8: 335852b4 folded before Flop


Poker Hand #TM3619425481: Tournament #160028454, Bounty Hunters Big One $1.08 Hold'em No Limit - Level2(60/120) - 2024/08/26 11:40:27
Table '73' 8-max Seat #8 is the button
Seat 1: a1434253 (8,522 in chips)
Seat 2: 9ac36cfa (9,967 in chips)
Seat 3: cd4f1d3c (9,817 in chips)
Seat 4: 418a9b06 (11,025 in chips)
Seat 5: Hero (10,608 in chips)
Seat 6: 8cfdf7b0 (8,457 in chips)
Seat 7: b1bffe7 (15,417 in chips)
Seat 8: 335852b4 (4,252 in chips)
cd4f1d3c: posts the ante 18
9ac36cfa: posts the ante 18
a1434253: posts the ante 18
418a9b06: posts the ante 18
b1bffe7: posts the ante 18
8cfdf7b0: posts the ante 18
Hero: posts the ante 18
335852b4: posts the ante 18
a1434253: posts small blind 60
9ac36cfa: posts big blind 120
*** HOLE CARDS ***
Dealt to a1434253 
Dealt to 9ac36cfa 
Dealt to cd4f1d3c 
Dealt to 418a9b06 
Dealt to Hero [Ks 6d]
Dealt to 8cfdf7b0 
Dealt to b1bffe7 
Dealt to 335852b4 
cd4f1d3c: raises 120 to 240
418a9b06: folds
Hero: folds
8cfdf7b0: folds
b1bffe7: folds
335852b4: folds
a1434253: folds
9ac36cfa: calls 120
*** FLOP *** [3c Kh 7c]
9ac36cfa: checks
cd4f1d3c: bets 240
9ac36cfa: raises 600 to 840
cd4f1d3c: calls 600
*** TURN *** [3c Kh 7c] [Jc]
9ac36cfa: bets 1,773
cd4f1d3c: folds
Uncalled bet (1,773) returned to 9ac36cfa
9ac36cfa: shows [3h Th] (Pair of Treys)
*** SHOWDOWN ***
9ac36cfa collected 2,364 from pot
*** SUMMARY ***
Total pot 2,364 | Rake 0 | Jackpot 0 | Bingo 0 | Fortune 0 | Tax 0
Board [3c Kh 7c Jc]
Seat 1: a1434253 (small blind) folded before Flop
Seat 2: 9ac36cfa (big blind) showed [3h Th] and won (2,364)
Seat 3: cd4f1d3c folded on the Turn
Seat 4: 418a9b06 folded before Flop
Seat 5: Hero folded before Flop
Seat 6: 8cfdf7b0 folded before Flop
Seat 7: b1bffe7 folded before Flop
Seat 8: 335852b4 (button) folded before Flop


Poker Hand #TM3619425469: Tournament #160028454, Bounty Hunters Big One $1.08 Hold'em No Limit - Level2(60/120) - 2024/08/26 11:40:03
Table '73' 8-max Seat #7 is the button
Seat 1: a1434253 (8,660 in chips)
Seat 2: 9ac36cfa (10,225 in chips)
Seat 3: cd4f1d3c (9,835 in chips)
Seat 4: 418a9b06 (11,043 in chips)
Seat 5: Hero (10,626 in chips)
Seat 6: 8cfdf7b0 (8,715 in chips)
Seat 7: b1bffe7 (14,631 in chips)
Seat 8: 335852b4 (4,330 in chips)
cd4f1d3c: posts the ante 18
9ac36cfa: posts the ante 18
a1434253: posts the ante 18
418a9b06: posts the ante 18
b1bffe7: posts the ante 18
8cfdf7b0: posts the ante 18
Hero: posts the ante 18
335852b4: posts the ante 18
335852b4: posts small blind 60
a1434253: posts big blind 120
*** HOLE CARDS ***
Dealt to a1434253 
Dealt to 9ac36cfa 
Dealt to cd4f1d3c 
Dealt to 418a9b06 
Dealt to Hero [7c Ad]
Dealt to 8cfdf7b0 
Dealt to b1bffe7 
Dealt to 335852b4 
9ac36cfa: raises 120 to 240
cd4f1d3c: folds
418a9b06: folds
Hero: folds
8cfdf7b0: calls 240
b1bffe7: raises 14,373 to 14,613 and is all-in
335852b4: folds
a1434253: folds
9ac36cfa: folds
8cfdf7b0: folds
Uncalled bet (14,373) returned to b1bffe7
*** SHOWDOWN ***
b1bffe7 collected 1,044 from pot
*** SUMMARY ***
Total pot 1,044 | Rake 0 | Jackpot 0 | Bingo 0 | Fortune 0 | Tax 0
Seat 1: a1434253 (big blind) folded before Flop
Seat 2: 9ac36cfa folded before Flop
Seat 3: cd4f1d3c folded before Flop
Seat 4: 418a9b06 folded before Flop
Seat 5: Hero folded before Flop
Seat 6: 8cfdf7b0 folded before Flop
Seat 7: b1bffe7 (button) collected (1,044)
Seat 8: 335852b4 (small blind) folded before Flop


Poker Hand #TM3619425445: Tournament #160028454, Bounty Hunters Big One $1.08 Hold'em No Limit - Level1(50/100) - 2024/08/26 11:38:53
Table '73' 8-max Seat #6 is the button
Seat 1: a1434253 (8,675 in chips)
Seat 2: 9ac36cfa (10,240 in chips)
Seat 3: cd4f1d3c (9,850 in chips)
Seat 4: 418a9b06 (11,058 in chips)
Seat 5: Hero (10,641 in chips)
Seat 6: 8cfdf7b0 (8,730 in chips)
Seat 7: b1bffe7 (9,156 in chips)
Seat 8: 335852b4 (9,715 in chips)
cd4f1d3c: posts the ante 15
9ac36cfa: posts the ante 15
a1434253: posts the ante 15
418a9b06: posts the ante 15
8cfdf7b0: posts the ante 15
Hero: posts the ante 15
b1bffe7: posts the ante 15
335852b4: posts the ante 15
b1bffe7: posts small blind 50
335852b4: posts big blind 100
*** HOLE CARDS ***
Dealt to a1434253 
Dealt to 9ac36cfa 
Dealt to cd4f1d3c 
Dealt to 418a9b06 
Dealt to Hero [6s Js]
Dealt to 8cfdf7b0 
Dealt to b1bffe7 
Dealt to 335852b4 
a1434253: folds
9ac36cfa: folds
cd4f1d3c: folds
418a9b06: folds
Hero: folds
8cfdf7b0: folds
b1bffe7: calls 50
335852b4: raises 250 to 350
b1bffe7: calls 250
*** FLOP *** [Tc 9d Kh]
b1bffe7: bets 200
335852b4: raises 200 to 400
b1bffe7: calls 200
*** TURN *** [Tc 9d Kh] [3d]
b1bffe7: checks
335852b4: bets 1,000
b1bffe7: calls 1,000
*** RIVER *** [Tc 9d Kh 3d] [7h]
b1bffe7: bets 3,620
335852b4: calls 3,620
b1bffe7: shows [Th 7s] (Pair of Tens and Pair of Sevens)
335852b4: shows [As Ks] (Pair of Kings)
*** SHOWDOWN ***
b1bffe7 collected 10,860 from pot
*** SUMMARY ***
Total pot 10,860 | Rake 0 | Jackpot 0 | Bingo 0 | Fortune 0 | Tax 0
Board [Tc 9d Kh 3d 7h]
Seat 1: a1434253 folded before Flop
Seat 2: 9ac36cfa folded before Flop
Seat 3: cd4f1d3c folded before Flop
Seat 4: 418a9b06 folded before Flop
Seat 5: Hero folded before Flop
Seat 6: 8cfdf7b0 (button) folded before Flop
Seat 7: b1bffe7 (small blind) showed [Th 7s] and won (10,860) with Pair of Tens and Pair of Sevens
Seat 8: 335852b4 (big blind) showed [As Ks] and lost with Pair of Kings


Poker Hand #TM3619425428: Tournament #160028454, Bounty Hunters Big One $1.08 Hold'em No Limit - Level1(50/100) - 2024/08/26 11:38:01
Table '73' 8-max Seat #5 is the button
Seat 1: a1434253 (8,690 in chips)
Seat 2: 9ac36cfa (10,255 in chips)
Seat 3: cd4f1d3c (9,865 in chips)
Seat 4: 418a9b06 (9,845 in chips)
Seat 5: Hero (10,885 in chips)
Seat 6: 8cfdf7b0 (8,795 in chips)
Seat 7: b1bffe7 (10,000 in chips)
Seat 8: 335852b4 (9,730 in chips)
cd4f1d3c: posts the ante 15
9ac36cfa: posts the ante 15
a1434253: posts the ante 15
418a9b06: posts the ante 15
Hero: posts the ante 15
b1bffe7: posts the ante 15
8cfdf7b0: posts the ante 15
335852b4: posts the ante 15
8cfdf7b0: posts small blind 50
b1bffe7: posts big blind 100
*** HOLE CARDS ***
Dealt to a1434253 
Dealt to 9ac36cfa 
Dealt to cd4f1d3c 
Dealt to 418a9b06 
Dealt to Hero [2s As]
Dealt to 8cfdf7b0 
Dealt to b1bffe7 
Dealt to 335852b4 
335852b4: folds
a1434253: folds
9ac36cfa: folds
cd4f1d3c: folds
418a9b06: raises 129 to 229
Hero: calls 229
8cfdf7b0: folds
b1bffe7: calls 129
*** FLOP *** [3d 9s Kh]
b1bffe7: bets 300
418a9b06: calls 300
Hero: folds
*** TURN *** [3d 9s Kh] [8c]
b1bffe7: bets 300
418a9b06: raises 679 to 979
b1bffe7: folds
Uncalled bet (679) returned to 418a9b06
*** SHOWDOWN ***
418a9b06 collected 2,057 from pot
*** SUMMARY ***
Total pot 2,057 | Rake 0 | Jackpot 0 | Bingo 0 | Fortune 0 | Tax 0
Board [3d 9s Kh 8c]
Seat 1: a1434253 folded before Flop
Seat 2: 9ac36cfa folded before Flop
Seat 3: cd4f1d3c folded before Flop
Seat 4: 418a9b06 won (2,057)
Seat 5: Hero (button) folded on the Flop
Seat 6: 8cfdf7b0 (small blind) folded before Flop
Seat 7: b1bffe7 (big blind) folded on the Turn
Seat 8: 335852b4 folded before Flop


Poker Hand #TM3619425412: Tournament #160028454, Bounty Hunters Big One $1.08 Hold'em No Limit - Level1(50/100) - 2024/08/26 11:37:26
Table '73' 8-max Seat #4 is the button
Seat 1: a1434253 (8,705 in chips)
Seat 2: 9ac36cfa (10,000 in chips)
Seat 3: cd4f1d3c (9,880 in chips)
Seat 4: 418a9b06 (9,860 in chips)
Seat 5: Hero (10,950 in chips)
Seat 6: 8cfdf7b0 (8,910 in chips)
Seat 7: 83a00135 (2,025 in chips)
Seat 8: 335852b4 (9,745 in chips)
cd4f1d3c: posts the ante 15
83a00135: posts the ante 15
9ac36cfa: posts the ante 15
a1434253: posts the ante 15
418a9b06: posts the ante 15
8cfdf7b0: posts the ante 15
Hero: posts the ante 15
335852b4: posts the ante 15
Hero: posts small blind 50
8cfdf7b0: posts big blind 100
*** HOLE CARDS ***
Dealt to a1434253 
Dealt to 9ac36cfa 
Dealt to cd4f1d3c 
Dealt to 418a9b06 
Dealt to Hero [5c 3d]
Dealt to 8cfdf7b0 
Dealt to 83a00135 
Dealt to 335852b4 
83a00135: folds
335852b4: folds
a1434253: folds
9ac36cfa: raises 100 to 200
cd4f1d3c: folds
418a9b06: folds
Hero: folds
8cfdf7b0: folds
Uncalled bet (100) returned to 9ac36cfa
*** SHOWDOWN ***
9ac36cfa collected 370 from pot
*** SUMMARY ***
Total pot 370 | Rake 0 | Jackpot 0 | Bingo 0 | Fortune 0 | Tax 0
Seat 1: a1434253 folded before Flop
Seat 2: 9ac36cfa collected (370)
Seat 3: cd4f1d3c folded before Flop
Seat 4: 418a9b06 (button) folded before Flop
Seat 5: Hero (small blind) folded before Flop
Seat 6: 8cfdf7b0 (big blind) folded before Flop
Seat 7: 83a00135 folded before Flop
Seat 8: 335852b4 folded before Flop


Poker Hand #TM3619425382: Tournament #160028454, Bounty Hunters Big One $1.08 Hold'em No Limit - Level1(50/100) - 2024/08/26 11:36:11
Table '73' 8-max Seat #1 is the button
Seat 1: a1434253 (10,000 in chips)
Seat 4: 418a9b06 (9,925 in chips)
Seat 5: Hero (9,545 in chips)
Seat 6: 8cfdf7b0 (8,925 in chips)
Seat 7: 83a00135 (2,040 in chips)
Seat 8: 335852b4 (9,760 in chips)
83a00135: posts the ante 15
a1434253: posts the ante 15
418a9b06: posts the ante 15
8cfdf7b0: posts the ante 15
Hero: posts the ante 15
335852b4: posts the ante 15
418a9b06: posts small blind 50
Hero: posts big blind 100
*** HOLE CARDS ***
Dealt to a1434253 
Dealt to 418a9b06 
Dealt to Hero [Ac Ks]
Dealt to 8cfdf7b0 
Dealt to 83a00135 
Dealt to 335852b4 
8cfdf7b0: folds
83a00135: folds
335852b4: folds
a1434253: raises 100 to 200
418a9b06: folds
Hero: calls 100
*** FLOP *** [4d Ad 9s]
Hero: checks
a1434253: bets 270
Hero: calls 270
*** TURN *** [4d Ad 9s] [7c]
Hero: checks
a1434253: bets 810
Hero: calls 810
*** RIVER *** [4d Ad 9s 7c] [5h]
Hero: bets 2,025
a1434253: folds
Uncalled bet (2,025) returned to Hero
*** SHOWDOWN ***
Hero collected 2,700 from pot
*** SUMMARY ***
Total pot 2,700 | Rake 0 | Jackpot 0 | Bingo 0 | Fortune 0 | Tax 0
Board [4d Ad 9s 7c 5h]
Seat 1: a1434253 (button) folded on the River
Seat 4: 418a9b06 (small blind) folded before Flop
Seat 5: Hero (big blind) won (2,700)
Seat 6: 8cfdf7b0 folded before Flop
Seat 7: 83a00135 folded before Flop
Seat 8: 335852b4 folded before Flop


Poker Hand #TM3619781071: Tournament #160028454, Bounty Hunters Big One $1.08 Hold'em No Limit - Level1(50/100) - 2024/08/26 11:35:03
Table '56' 8-max Seat #2 is the button
Seat 1: 753c360d (10,000 in chips)
Seat 2: 72fd475b (9,560 in chips)
Seat 3: ebf416e1 (10,115 in chips)
Seat 4: 9cf32677 (8,998 in chips)
Seat 5: daa11820 (21,217 in chips)
Seat 6: Hero (9,560 in chips)
Seat 7: 6be6761a (10,370 in chips)
Seat 8: 84617063 (10,000 in chips)
72fd475b: posts the ante 15
84617063: posts the ante 15
daa11820: posts the ante 15
753c360d: posts the ante 15
ebf416e1: posts the ante 15
Hero: posts the ante 15
6be6761a: posts the ante 15
9cf32677: posts the ante 15
ebf416e1: posts small blind 50
9cf32677: posts big blind 100
*** HOLE CARDS ***
Dealt to 753c360d 
Dealt to 72fd475b 
Dealt to ebf416e1 
Dealt to 9cf32677 
Dealt to daa11820 
Dealt to Hero [Th 6s]
Dealt to 6be6761a 
Dealt to 84617063 
daa11820: raises 200 to 300
Hero: folds
6be6761a: folds
84617063: folds
753c360d: calls 300
72fd475b: folds
ebf416e1: folds
9cf32677: calls 200
*** FLOP *** [5c 7s 6h]
9cf32677: checks
daa11820: checks
753c360d: checks
*** TURN *** [5c 7s 6h] [Js]
9cf32677: checks
daa11820: checks
753c360d: bets 618
9cf32677: folds
daa11820: folds
Uncalled bet (618) returned to 753c360d
*** SHOWDOWN ***
753c360d collected 1,070 from pot
*** SUMMARY ***
Total pot 1,070 | Rake 0 | Jackpot 0 | Bingo 0 | Fortune 0 | Tax 0
Board [5c 7s 6h Js]
Seat 1: 753c360d won (1,070)
Seat 2: 72fd475b (button) folded before Flop
Seat 3: ebf416e1 (small blind) folded before Flop
Seat 4: 9cf32677 (big blind) folded on the Turn
Seat 5: daa11820 folded on the Turn
Seat 6: Hero folded before Flop
Seat 7: 6be6761a folded before Flop
Seat 8: 84617063 folded before Flop


Poker Hand #TM3619781062: Tournament #160028454, Bounty Hunters Big One $1.08 Hold'em No Limit - Level1(50/100) - 2024/08/26 11:34:42
Table '56' 8-max Seat #7 is the button
Seat 2: 72fd475b (9,625 in chips)
Seat 3: ebf416e1 (10,230 in chips)
Seat 4: 9cf32677 (9,013 in chips)
Seat 5: daa11820 (21,232 in chips)
Seat 6: Hero (9,575 in chips)
Seat 7: 6be6761a (10,145 in chips)
72fd475b: posts the ante 15
daa11820: posts the ante 15
ebf416e1: posts the ante 15
Hero: posts the ante 15
6be6761a: posts the ante 15
9cf32677: posts the ante 15
72fd475b: posts small blind 50
ebf416e1: posts big blind 100
*** HOLE CARDS ***
Dealt to 72fd475b 
Dealt to ebf416e1 
Dealt to 9cf32677 
Dealt to daa11820 
Dealt to Hero [3h 6c]
Dealt to 6be6761a 
9cf32677: folds
daa11820: folds
Hero: folds
6be6761a: raises 100 to 200
72fd475b: folds
ebf416e1: folds
Uncalled bet (100) returned to 6be6761a
*** SHOWDOWN ***
6be6761a collected 340 from pot
*** SUMMARY ***
Total pot 340 | Rake 0 | Jackpot 0 | Bingo 0 | Fortune 0 | Tax 0
Seat 2: 72fd475b (small blind) folded before Flop
Seat 3: ebf416e1 (big blind) folded before Flop
Seat 4: 9cf32677 folded before Flop
Seat 5: daa11820 folded before Flop
Seat 6: Hero folded before Flop
Seat 7: 6be6761a (button) collected (340)


Poker Hand #TM3619781025: Tournament #160028454, Bounty Hunters Big One $1.08 Hold'em No Limit - Level1(50/100) - 2024/08/26 11:33:16
Table '56' 8-max Seat #6 is the button
Seat 1: 5fa77cd (9,740 in chips)
Seat 2: 72fd475b (9,890 in chips)
Seat 3: ebf416e1 (10,245 in chips)
Seat 4: 9cf32677 (10,145 in chips)
Seat 5: daa11820 (10,000 in chips)
Seat 6: Hero (9,590 in chips)
Seat 7: 6be6761a (10,210 in chips)
72fd475b: posts the ante 15
5fa77cd: posts the ante 15
daa11820: posts the ante 15
ebf416e1: posts the ante 15
Hero: posts the ante 15
9cf32677: posts the ante 15
6be6761a: posts the ante 15
6be6761a: posts small blind 50
5fa77cd: posts big blind 100
*** HOLE CARDS ***
Dealt to 5fa77cd 
Dealt to 72fd475b 
Dealt to ebf416e1 
Dealt to 9cf32677 
Dealt to daa11820 
Dealt to Hero [2c 8s]
Dealt to 6be6761a 
72fd475b: raises 150 to 250
ebf416e1: folds
9cf32677: calls 250
daa11820: calls 250
Hero: folds
6be6761a: folds
5fa77cd: raises 867 to 1,117
72fd475b: folds
9cf32677: calls 867
daa11820: calls 867
*** FLOP *** [2h Jc Ks]
5fa77cd: checks
9cf32677: checks
daa11820: bets 2,817
5fa77cd: calls 2,817
9cf32677: folds
*** TURN *** [2h Jc Ks] [5s]
5fa77cd: checks
daa11820: bets 6,051 and is all-in
5fa77cd: calls 5,791 and is all-in
Uncalled bet (260) returned to daa11820
daa11820: shows [Jd 3d] (Pair of Jacks)
5fa77cd: shows [Ts Th] (Pair of Tens)
*** RIVER *** [2h Jc Ks 5s] [2s]
72fd475b: shows [Kd] (Pair of Kings and Pair of Twos)
*** SHOWDOWN ***
daa11820 collected 20,972 from pot
*** SUMMARY ***
Total pot 20,972 | Rake 0 | Jackpot 0 | Bingo 0 | Fortune 0 | Tax 0
Board [2h Jc Ks 5s 2s]
Seat 1: 5fa77cd (big blind) showed [Ts Th] and lost with Pair of Tens and Pair of Twos
Seat 2: 72fd475b folded before Flop
Seat 3: ebf416e1 folded before Flop
Seat 4: 9cf32677 folded on the Flop
Seat 5: daa11820 showed [Jd 3d] and won (20,972) with Pair of Jacks and Pair of Twos
Seat 6: Hero (button) folded before Flop
Seat 7: 6be6761a (small blind) folded before Flop


Poker Hand #TM3619781000: Tournament #160028454, Bounty Hunters Big One $1.08 Hold'em No Limit - Level1(50/100) - 2024/08/26 11:32:19
Table '56' 8-max Seat #4 is the button
Seat 1: 5fa77cd (9,955 in chips)
Seat 2: 72fd475b (9,905 in chips)
Seat 3: ebf416e1 (10,260 in chips)
Seat 4: 9cf32677 (9,605 in chips)
Seat 6: Hero (9,655 in chips)
Seat 7: 6be6761a (10,425 in chips)
Seat 8: 85e81736 (10,225 in chips)
72fd475b: posts the ante 15
5fa77cd: posts the ante 15
85e81736: posts the ante 15
ebf416e1: posts the ante 15
Hero: posts the ante 15
9cf32677: posts the ante 15
6be6761a: posts the ante 15
Hero: posts small blind 50
6be6761a: posts big blind 100
*** HOLE CARDS ***
Dealt to 5fa77cd 
Dealt to 72fd475b 
Dealt to ebf416e1 
Dealt to 9cf32677 
Dealt to Hero [2h 6s]
Dealt to 6be6761a 
Dealt to 85e81736 
85e81736: folds
5fa77cd: raises 100 to 200
72fd475b: folds
ebf416e1: folds
9cf32677: calls 200
Hero: folds
6be6761a: calls 100
*** FLOP *** [Jd Kd 8d]
6be6761a: checks
5fa77cd: checks
9cf32677: checks
*** TURN *** [Jd Kd 8d] [3c]
6be6761a: checks
5fa77cd: checks
9cf32677: bets 567
6be6761a: folds
5fa77cd: folds
Uncalled bet (567) returned to 9cf32677
*** SHOWDOWN ***
9cf32677 collected 755 from pot
*** SUMMARY ***
Total pot 755 | Rake 0 | Jackpot 0 | Bingo 0 | Fortune 0 | Tax 0
Board [Jd Kd 8d 3c]
Seat 1: 5fa77cd folded on the Turn
Seat 2: 72fd475b folded before Flop
Seat 3: ebf416e1 folded before Flop
Seat 4: 9cf32677 (button) won (755)
Seat 6: Hero (small blind) folded before Flop
Seat 7: 6be6761a (big blind) folded on the Turn
Seat 8: 85e81736 folded before Flop


Poker Hand #TM3619780986: Tournament #160028454, Bounty Hunters Big One $1.08 Hold'em No Limit - Level1(50/100) - 2024/08/26 11:31:40
Table '56' 8-max Seat #3 is the button
Seat 1: 5fa77cd (9,970 in chips)
Seat 2: 72fd475b (9,920 in chips)
Seat 3: ebf416e1 (9,820 in chips)
Seat 4: 9cf32677 (9,870 in chips)
Seat 6: Hero (9,770 in chips)
Seat 7: 6be6761a (10,440 in chips)
Seat 8: 85e81736 (10,240 in chips)
72fd475b: posts the ante 15
5fa77cd: posts the ante 15
85e81736: posts the ante 15
ebf416e1: posts the ante 15
Hero: posts the ante 15
6be6761a: posts the ante 15
9cf32677: posts the ante 15
9cf32677: posts small blind 50
Hero: posts big blind 100
*** HOLE CARDS ***
Dealt to 5fa77cd 
Dealt to 72fd475b 
Dealt to ebf416e1 
Dealt to 9cf32677 
Dealt to Hero [6s Ah]
Dealt to 6be6761a 
Dealt to 85e81736 
6be6761a: folds
85e81736: folds
5fa77cd: folds
72fd475b: folds
ebf416e1: raises 150 to 250
9cf32677: calls 200
Hero: folds
*** FLOP *** [As 5d 8s]
9cf32677: checks
ebf416e1: bets 198
9cf32677: folds
Uncalled bet (198) returned to ebf416e1
*** SHOWDOWN ***
ebf416e1 collected 705 from pot
*** SUMMARY ***
Total pot 705 | Rake 0 | Jackpot 0 | Bingo 0 | Fortune 0 | Tax 0
Board [As 5d 8s]
Seat 1: 5fa77cd folded before Flop
Seat 2: 72fd475b folded before Flop
Seat 3: ebf416e1 (button) won (705)
Seat 4: 9cf32677 (small blind) folded on the Flop
Seat 6: Hero (big blind) folded before Flop
Seat 7: 6be6761a folded before Flop
Seat 8: 85e81736 folded before Flop


Poker Hand #TM3619780962: Tournament #160028454, Bounty Hunters Big One $1.08 Hold'em No Limit - Level1(50/100) - 2024/08/26 11:30:40
Table '56' 8-max Seat #2 is the button
Seat 1: 5fa77cd (9,985 in chips)
Seat 2: 72fd475b (9,935 in chips)
Seat 3: ebf416e1 (9,885 in chips)
Seat 4: 9cf32677 (9,985 in chips)
Seat 5: ec99d2f8 (9,985 in chips)
Seat 6: Hero (9,985 in chips)
Seat 7: 6be6761a (9,985 in chips)
Seat 8: 85e81736 (10,255 in chips)
72fd475b: posts the ante 15
5fa77cd: posts the ante 15
85e81736: posts the ante 15
ebf416e1: posts the ante 15
Hero: posts the ante 15
6be6761a: posts the ante 15
ec99d2f8: posts the ante 15
9cf32677: posts the ante 15
ebf416e1: posts small blind 50
9cf32677: posts big blind 100
*** HOLE CARDS ***
Dealt to 5fa77cd 
Dealt to 72fd475b 
Dealt to ebf416e1 
Dealt to 9cf32677 
Dealt to ec99d2f8 
Dealt to Hero [8c Ac]
Dealt to 6be6761a 
Dealt to 85e81736 
ec99d2f8: folds
Hero: raises 100 to 200
6be6761a: raises 435 to 635
85e81736: folds
5fa77cd: folds
72fd475b: folds
ebf416e1: folds
9cf32677: folds
Hero: folds
Uncalled bet (435) returned to 6be6761a
*** SHOWDOWN ***
6be6761a collected 670 from pot
*** SUMMARY ***
Total pot 670 | Rake 0 | Jackpot 0 | Bingo 0 | Fortune 0 | Tax 0
Seat 1: 5fa77cd folded before Flop
Seat 2: 72fd475b (button) folded before Flop
Seat 3: ebf416e1 (small blind) folded before Flop
Seat 4: 9cf32677 (big blind) folded before Flop
Seat 5: ec99d2f8 folded before Flop
Seat 6: Hero folded before Flop
Seat 7: 6be6761a collected (670)
Seat 8: 85e81736 folded before Flop


Poker Hand #TM3619780946: Tournament #160028454, Bounty Hunters Big One $1.08 Hold'em No Limit - Level1(50/100) - 2024/08/26 11:30:02
Table '56' 8-max Seat #1 is the button
Seat 1: 5fa77cd (10,000 in chips)
Seat 2: 72fd475b (10,000 in chips)
Seat 3: ebf416e1 (10,000 in chips)
Seat 4: 9cf32677 (10,000 in chips)
Seat 5: ec99d2f8 (10,000 in chips)
Seat 6: Hero (10,000 in chips)
Seat 7: 6be6761a (10,000 in chips)
Seat 8: 85e81736 (10,000 in chips)
72fd475b: posts the ante 15
5fa77cd: posts the ante 15
85e81736: posts the ante 15
ebf416e1: posts the ante 15
Hero: posts the ante 15
6be6761a: posts the ante 15
ec99d2f8: posts the ante 15
9cf32677: posts the ante 15
72fd475b: posts small blind 50
ebf416e1: posts big blind 100
*** HOLE CARDS ***
Dealt to 5fa77cd 
Dealt to 72fd475b 
Dealt to ebf416e1 
Dealt to 9cf32677 
Dealt to ec99d2f8 
Dealt to Hero [Qh 7d]
Dealt to 6be6761a 
Dealt to 85e81736 
9cf32677: folds
ec99d2f8: folds
Hero: folds
6be6761a: folds
85e81736: raises 9,885 to 9,985 and is all-in
5fa77cd: folds
72fd475b: folds
ebf416e1: folds
Uncalled bet (9,885) returned to 85e81736
*** SHOWDOWN ***
85e81736 collected 370 from pot
*** SUMMARY ***
Total pot 370 | Rake 0 | Jackpot 0 | Bingo 0 | Fortune 0 | Tax 0
Seat 1: 5fa77cd (button) folded before Flop
Seat 2: 72fd475b (small blind) folded before Flop
Seat 3: ebf416e1 (big blind) folded before Flop
Seat 4: 9cf32677 folded before Flop
Seat 5: ec99d2f8 folded before Flop
Seat 6: Hero folded before Flop
Seat 7: 6be6761a folded before Flop
Seat 8: 85e81736 collected (370)


