Poker Hand #TM3518141014: Tournament #154555043, Bounty Hunters Big One $1.08 Hold'em No Limit - Level9(250/500) - 2024/07/25 13:05:22
Table '139' 8-max Seat #1 is the button
Seat 1: 4f27ae74 (14,250 in chips)
Seat 2: Hero (11,636 in chips)
Seat 3: ad4170be (13,371 in chips)
Seat 4: c03e1d2a (112,809 in chips)
Seat 5: 5834aed9 (23,722 in chips)
Seat 6: c00a1cd9 (14,824 in chips)
Seat 7: d7d78de8 (42,077 in chips)
Seat 8: 13f844ac (39,872 in chips)
ad4170be: posts the ante 75
4f27ae74: posts the ante 75
d7d78de8: posts the ante 75
c00a1cd9: posts the ante 75
13f844ac: posts the ante 75
5834aed9: posts the ante 75
c03e1d2a: posts the ante 75
Hero: posts the ante 75
Hero: posts small blind 250
ad4170be: posts big blind 500
*** HOLE CARDS ***
Dealt to 4f27ae74 
Dealt to Hero [Th 9c]
Dealt to ad4170be 
Dealt to c03e1d2a 
Dealt to 5834aed9 
Dealt to c00a1cd9 
Dealt to d7d78de8 
Dealt to 13f844ac 
c03e1d2a: folds
5834aed9: folds
c00a1cd9: raises 500 to 1,000
d7d78de8: folds
13f844ac: folds
4f27ae74: folds
Hero: calls 750
ad4170be: calls 500
*** FLOP *** [Td 8d 8h]
Hero: bets 3,600
ad4170be: folds
c00a1cd9: calls 3,600
*** TURN *** [Td 8d 8h] [6s]
Hero: bets 6,961 and is all-in
c00a1cd9: calls 6,961
Hero: shows [Th 9c] (Pair of Tens and Pair of Eights)
c00a1cd9: shows [Ts As] (Pair of Tens and Pair of Eights)
*** RIVER *** [Td 8d 8h 6s] [4h]
*** SHOWDOWN ***
c00a1cd9 collected 24,722 from pot
*** SUMMARY ***
Total pot 24,722 | Rake 0 | Jackpot 0 | Bingo 0 | Fortune 0 | Tax 0
Board [Td 8d 8h 6s 4h]
Seat 1: 4f27ae74 (button) folded before Flop
Seat 2: Hero (small blind) showed [Th 9c] and lost with Pair of Tens and Pair of Eights
Seat 3: ad4170be (big blind) folded on the Flop
Seat 4: c03e1d2a folded before Flop
Seat 5: 5834aed9 folded before Flop
Seat 6: c00a1cd9 showed [Ts As] and won (24,722) with Pair of Tens and Pair of Eights
Seat 7: d7d78de8 folded before Flop
Seat 8: 13f844ac folded before Flop


Poker Hand #TM3518140961: Tournament #154555043, Bounty Hunters Big One $1.08 Hold'em No Limit - Level8(200/400) - 2024/07/25 13:04:06
Table '139' 8-max Seat #8 is the button
Seat 1: 4f27ae74 (14,510 in chips)
Seat 2: Hero (12,096 in chips)
Seat 3: ad4170be (13,431 in chips)
Seat 4: c03e1d2a (114,069 in chips)
Seat 5: 5834aed9 (24,982 in chips)
Seat 6: c00a1cd9 (11,404 in chips)
Seat 7: d7d78de8 (42,137 in chips)
Seat 8: 13f844ac (39,932 in chips)
ad4170be: posts the ante 60
d7d78de8: posts the ante 60
4f27ae74: posts the ante 60
c00a1cd9: posts the ante 60
13f844ac: posts the ante 60
5834aed9: posts the ante 60
c03e1d2a: posts the ante 60
Hero: posts the ante 60
4f27ae74: posts small blind 200
Hero: posts big blind 400
*** HOLE CARDS ***
Dealt to 4f27ae74 
Dealt to Hero [Ad 4s]
Dealt to ad4170be 
Dealt to c03e1d2a 
Dealt to 5834aed9 
Dealt to c00a1cd9 
Dealt to d7d78de8 
Dealt to 13f844ac 
ad4170be: folds
c03e1d2a: calls 400
5834aed9: calls 400
c00a1cd9: raises 800 to 1,200
d7d78de8: folds
13f844ac: folds
4f27ae74: folds
Hero: folds
c03e1d2a: calls 800
5834aed9: calls 800
*** FLOP *** [Qd 6d As]
c03e1d2a: checks
5834aed9: checks
c00a1cd9: bets 2,340
c03e1d2a: folds
5834aed9: folds
Uncalled bet (2,340) returned to c00a1cd9
*** SHOWDOWN ***
c00a1cd9 collected 4,680 from pot
*** SUMMARY ***
Total pot 4,680 | Rake 0 | Jackpot 0 | Bingo 0 | Fortune 0 | Tax 0
Board [Qd 6d As]
Seat 1: 4f27ae74 (small blind) folded before Flop
Seat 2: Hero (big blind) folded before Flop
Seat 3: ad4170be folded before Flop
Seat 4: c03e1d2a folded on the Flop
Seat 5: 5834aed9 folded on the Flop
Seat 6: c00a1cd9 won (4,680)
Seat 7: d7d78de8 folded before Flop
Seat 8: 13f844ac (button) folded before Flop


Poker Hand #TM3518140948: Tournament #154555043, Bounty Hunters Big One $1.08 Hold'em No Limit - Level8(200/400) - 2024/07/25 13:03:42
Table '139' 8-max Seat #7 is the button
Seat 1: 4f27ae74 (14,970 in chips)
Seat 2: Hero (12,156 in chips)
Seat 3: ad4170be (12,411 in chips)
Seat 4: c03e1d2a (114,129 in chips)
Seat 5: 5834aed9 (25,042 in chips)
Seat 6: c00a1cd9 (11,464 in chips)
Seat 7: d7d78de8 (42,197 in chips)
Seat 8: 13f844ac (40,192 in chips)
ad4170be: posts the ante 60
d7d78de8: posts the ante 60
4f27ae74: posts the ante 60
c00a1cd9: posts the ante 60
5834aed9: posts the ante 60
13f844ac: posts the ante 60
c03e1d2a: posts the ante 60
Hero: posts the ante 60
13f844ac: posts small blind 200
4f27ae74: posts big blind 400
*** HOLE CARDS ***
Dealt to 4f27ae74 
Dealt to Hero [Th 8s]
Dealt to ad4170be 
Dealt to c03e1d2a 
Dealt to 5834aed9 
Dealt to c00a1cd9 
Dealt to d7d78de8 
Dealt to 13f844ac 
Hero: folds
ad4170be: raises 400 to 800
c03e1d2a: folds
5834aed9: folds
c00a1cd9: folds
d7d78de8: folds
13f844ac: folds
4f27ae74: folds
Uncalled bet (400) returned to ad4170be
*** SHOWDOWN ***
ad4170be collected 1,480 from pot
*** SUMMARY ***
Total pot 1,480 | Rake 0 | Jackpot 0 | Bingo 0 | Fortune 0 | Tax 0
Seat 1: 4f27ae74 (big blind) folded before Flop
Seat 2: Hero folded before Flop
Seat 3: ad4170be collected (1,480)
Seat 4: c03e1d2a folded before Flop
Seat 5: 5834aed9 folded before Flop
Seat 6: c00a1cd9 folded before Flop
Seat 7: d7d78de8 (button) folded before Flop
Seat 8: 13f844ac (small blind) folded before Flop


Poker Hand #TM3518140919: Tournament #154555043, Bounty Hunters Big One $1.08 Hold'em No Limit - Level8(200/400) - 2024/07/25 13:02:56
Table '139' 8-max Seat #6 is the button
Seat 1: 4f27ae74 (15,030 in chips)
Seat 2: Hero (12,216 in chips)
Seat 3: ad4170be (12,471 in chips)
Seat 4: c03e1d2a (113,109 in chips)
Seat 5: 5834aed9 (25,102 in chips)
Seat 6: c00a1cd9 (11,524 in chips)
Seat 7: d7d78de8 (42,457 in chips)
Seat 8: 13f844ac (40,652 in chips)
ad4170be: posts the ante 60
4f27ae74: posts the ante 60
d7d78de8: posts the ante 60
c00a1cd9: posts the ante 60
5834aed9: posts the ante 60
13f844ac: posts the ante 60
c03e1d2a: posts the ante 60
Hero: posts the ante 60
d7d78de8: posts small blind 200
13f844ac: posts big blind 400
*** HOLE CARDS ***
Dealt to 4f27ae74 
Dealt to Hero [Ks 9d]
Dealt to ad4170be 
Dealt to c03e1d2a 
Dealt to 5834aed9 
Dealt to c00a1cd9 
Dealt to d7d78de8 
Dealt to 13f844ac 
4f27ae74: folds
Hero: folds
ad4170be: folds
c03e1d2a: raises 600 to 1,000
5834aed9: folds
c00a1cd9: folds
d7d78de8: folds
13f844ac: folds
Uncalled bet (600) returned to c03e1d2a
*** SHOWDOWN ***
c03e1d2a collected 1,480 from pot
*** SUMMARY ***
Total pot 1,480 | Rake 0 | Jackpot 0 | Bingo 0 | Fortune 0 | Tax 0
Seat 1: 4f27ae74 folded before Flop
Seat 2: Hero folded before Flop
Seat 3: ad4170be folded before Flop
Seat 4: c03e1d2a collected (1,480)
Seat 5: 5834aed9 folded before Flop
Seat 6: c00a1cd9 (button) folded before Flop
Seat 7: d7d78de8 (small blind) folded before Flop
Seat 8: 13f844ac (big blind) folded before Flop


Poker Hand #TM3518140868: Tournament #154555043, Bounty Hunters Big One $1.08 Hold'em No Limit - Level8(200/400) - 2024/07/25 13:01:21
Table '139' 8-max Seat #5 is the button
Seat 1: 4f27ae74 (15,090 in chips)
Seat 2: Hero (13,076 in chips)
Seat 3: ad4170be (13,331 in chips)
Seat 4: c03e1d2a (113,169 in chips)
Seat 5: 5834aed9 (25,162 in chips)
Seat 6: c00a1cd9 (11,784 in chips)
Seat 7: d7d78de8 (43,317 in chips)
Seat 8: 13f844ac (37,632 in chips)
ad4170be: posts the ante 60
4f27ae74: posts the ante 60
d7d78de8: posts the ante 60
c00a1cd9: posts the ante 60
5834aed9: posts the ante 60
13f844ac: posts the ante 60
c03e1d2a: posts the ante 60
Hero: posts the ante 60
c00a1cd9: posts small blind 200
d7d78de8: posts big blind 400
*** HOLE CARDS ***
Dealt to 4f27ae74 
Dealt to Hero [8h 8c]
Dealt to ad4170be 
Dealt to c03e1d2a 
Dealt to 5834aed9 
Dealt to c00a1cd9 
Dealt to d7d78de8 
Dealt to 13f844ac 
13f844ac: raises 400 to 800
4f27ae74: folds
Hero: calls 800
ad4170be: calls 800
c03e1d2a: folds
5834aed9: folds
c00a1cd9: folds
d7d78de8: calls 400
*** FLOP *** [Ac 5c 6d]
d7d78de8: checks
13f844ac: bets 1,281
Hero: folds
ad4170be: folds
d7d78de8: folds
Uncalled bet (1,281) returned to 13f844ac
*** SHOWDOWN ***
13f844ac collected 3,880 from pot
*** SUMMARY ***
Total pot 3,880 | Rake 0 | Jackpot 0 | Bingo 0 | Fortune 0 | Tax 0
Board [Ac 5c 6d]
Seat 1: 4f27ae74 folded before Flop
Seat 2: Hero folded on the Flop
Seat 3: ad4170be folded on the Flop
Seat 4: c03e1d2a folded before Flop
Seat 5: 5834aed9 (button) folded before Flop
Seat 6: c00a1cd9 (small blind) folded before Flop
Seat 7: d7d78de8 (big blind) folded on the Flop
Seat 8: 13f844ac won (3,880)


Poker Hand #TM3518140823: Tournament #154555043, Bounty Hunters Big One $1.08 Hold'em No Limit - Level8(200/400) - 2024/07/25 12:53:56
Table '139' 8-max Seat #4 is the button
Seat 1: 4f27ae74 (15,150 in chips)
Seat 2: Hero (13,536 in chips)
Seat 3: ad4170be (13,391 in chips)
Seat 4: c03e1d2a (113,229 in chips)
Seat 5: 5834aed9 (26,822 in chips)
Seat 6: c00a1cd9 (9,364 in chips)
Seat 7: d7d78de8 (43,377 in chips)
Seat 8: 13f844ac (37,692 in chips)
ad4170be: posts the ante 60
4f27ae74: posts the ante 60
d7d78de8: posts the ante 60
c00a1cd9: posts the ante 60
13f844ac: posts the ante 60
5834aed9: posts the ante 60
c03e1d2a: posts the ante 60
Hero: posts the ante 60
5834aed9: posts small blind 200
c00a1cd9: posts big blind 400
*** HOLE CARDS ***
Dealt to 4f27ae74 
Dealt to Hero [As Qs]
Dealt to ad4170be 
Dealt to c03e1d2a 
Dealt to 5834aed9 
Dealt to c00a1cd9 
Dealt to d7d78de8 
Dealt to 13f844ac 
d7d78de8: folds
13f844ac: folds
4f27ae74: folds
Hero: calls 400
ad4170be: folds
c03e1d2a: folds
5834aed9: calls 200
c00a1cd9: checks
*** FLOP *** [Tc 3d Td]
5834aed9: checks
c00a1cd9: bets 1,200
Hero: folds
5834aed9: calls 1,200
*** TURN *** [Tc 3d Td] [Qc]
5834aed9: checks
c00a1cd9: bets 3,060
5834aed9: folds
Uncalled bet (3,060) returned to c00a1cd9
*** SHOWDOWN ***
c00a1cd9 collected 4,080 from pot
*** SUMMARY ***
Total pot 4,080 | Rake 0 | Jackpot 0 | Bingo 0 | Fortune 0 | Tax 0
Board [Tc 3d Td Qc]
Seat 1: 4f27ae74 folded before Flop
Seat 2: Hero folded on the Flop
Seat 3: ad4170be folded before Flop
Seat 4: c03e1d2a (button) folded before Flop
Seat 5: 5834aed9 (small blind) folded on the Turn
Seat 6: c00a1cd9 (big blind) won (4,080)
Seat 7: d7d78de8 folded before Flop
Seat 8: 13f844ac folded before Flop


Poker Hand #TM3518140796: Tournament #154555043, Bounty Hunters Big One $1.08 Hold'em No Limit - Level8(200/400) - 2024/07/25 12:53:08
Table '139' 8-max Seat #3 is the button
Seat 1: 4f27ae74 (15,210 in chips)
Seat 2: Hero (13,596 in chips)
Seat 3: ad4170be (14,651 in chips)
Seat 4: c03e1d2a (114,489 in chips)
Seat 5: 5834aed9 (27,282 in chips)
Seat 6: c00a1cd9 (9,424 in chips)
Seat 7: d7d78de8 (43,437 in chips)
Seat 8: 13f844ac (34,472 in chips)
ad4170be: posts the ante 60
4f27ae74: posts the ante 60
d7d78de8: posts the ante 60
c00a1cd9: posts the ante 60
13f844ac: posts the ante 60
5834aed9: posts the ante 60
c03e1d2a: posts the ante 60
Hero: posts the ante 60
c03e1d2a: posts small blind 200
5834aed9: posts big blind 400
*** HOLE CARDS ***
Dealt to 4f27ae74 
Dealt to Hero [3c 4c]
Dealt to ad4170be 
Dealt to c03e1d2a 
Dealt to 5834aed9 
Dealt to c00a1cd9 
Dealt to d7d78de8 
Dealt to 13f844ac 
c00a1cd9: folds
d7d78de8: folds
13f844ac: raises 800 to 1,200
4f27ae74: folds
Hero: folds
ad4170be: calls 1,200
c03e1d2a: calls 1,000
5834aed9: folds
*** FLOP *** [Ad 7h 9h]
c03e1d2a: checks
13f844ac: bets 33,212 and is all-in
ad4170be: folds
c03e1d2a: folds
Uncalled bet (33,212) returned to 13f844ac
*** SHOWDOWN ***
13f844ac collected 4,480 from pot
*** SUMMARY ***
Total pot 4,480 | Rake 0 | Jackpot 0 | Bingo 0 | Fortune 0 | Tax 0
Board [Ad 7h 9h]
Seat 1: 4f27ae74 folded before Flop
Seat 2: Hero folded before Flop
Seat 3: ad4170be (button) folded on the Flop
Seat 4: c03e1d2a (small blind) folded on the Flop
Seat 5: 5834aed9 (big blind) folded before Flop
Seat 6: c00a1cd9 folded before Flop
Seat 7: d7d78de8 folded before Flop
Seat 8: 13f844ac won (4,480)


Poker Hand #TM3518140777: Tournament #154555043, Bounty Hunters Big One $1.08 Hold'em No Limit - Level8(200/400) - 2024/07/25 12:52:13
Table '139' 8-max Seat #2 is the button
Seat 1: 4f27ae74 (15,270 in chips)
Seat 2: Hero (13,656 in chips)
Seat 3: ad4170be (14,911 in chips)
Seat 4: c03e1d2a (116,549 in chips)
Seat 5: 5834aed9 (27,342 in chips)
Seat 6: c00a1cd9 (6,804 in chips)
Seat 7: d7d78de8 (43,497 in chips)
Seat 8: 13f844ac (34,532 in chips)
ad4170be: posts the ante 60
4f27ae74: posts the ante 60
d7d78de8: posts the ante 60
c00a1cd9: posts the ante 60
13f844ac: posts the ante 60
5834aed9: posts the ante 60
c03e1d2a: posts the ante 60
Hero: posts the ante 60
ad4170be: posts small blind 200
c03e1d2a: posts big blind 400
*** HOLE CARDS ***
Dealt to 4f27ae74 
Dealt to Hero [7h 4c]
Dealt to ad4170be 
Dealt to c03e1d2a 
Dealt to 5834aed9 
Dealt to c00a1cd9 
Dealt to d7d78de8 
Dealt to 13f844ac 
5834aed9: folds
c00a1cd9: raises 1,600 to 2,000
d7d78de8: folds
13f844ac: folds
4f27ae74: folds
Hero: folds
ad4170be: folds
c03e1d2a: calls 1,600
*** FLOP *** [Jh 3d 9c]
c03e1d2a: checks
c00a1cd9: bets 4,680
c03e1d2a: folds
Uncalled bet (4,680) returned to c00a1cd9
*** SHOWDOWN ***
c00a1cd9 collected 4,680 from pot
*** SUMMARY ***
Total pot 4,680 | Rake 0 | Jackpot 0 | Bingo 0 | Fortune 0 | Tax 0
Board [Jh 3d 9c]
Seat 1: 4f27ae74 folded before Flop
Seat 2: Hero (button) folded before Flop
Seat 3: ad4170be (small blind) folded before Flop
Seat 4: c03e1d2a (big blind) folded on the Flop
Seat 5: 5834aed9 folded before Flop
Seat 6: c00a1cd9 won (4,680)
Seat 7: d7d78de8 folded before Flop
Seat 8: 13f844ac folded before Flop


Poker Hand #TM3518140751: Tournament #154555043, Bounty Hunters Big One $1.08 Hold'em No Limit - Level8(200/400) - 2024/07/25 12:51:19
Table '139' 8-max Seat #1 is the button
Seat 1: 4f27ae74 (6,755 in chips)
Seat 2: Hero (13,916 in chips)
Seat 3: ad4170be (15,371 in chips)
Seat 4: c03e1d2a (116,609 in chips)
Seat 5: 5834aed9 (27,402 in chips)
Seat 6: c00a1cd9 (7,264 in chips)
Seat 7: d7d78de8 (43,957 in chips)
Seat 8: 13f844ac (41,287 in chips)
ad4170be: posts the ante 60
4f27ae74: posts the ante 60
d7d78de8: posts the ante 60
c00a1cd9: posts the ante 60
13f844ac: posts the ante 60
5834aed9: posts the ante 60
c03e1d2a: posts the ante 60
Hero: posts the ante 60
Hero: posts small blind 200
ad4170be: posts big blind 400
*** HOLE CARDS ***
Dealt to 4f27ae74 
Dealt to Hero [Ac 3c]
Dealt to ad4170be 
Dealt to c03e1d2a 
Dealt to 5834aed9 
Dealt to c00a1cd9 
Dealt to d7d78de8 
Dealt to 13f844ac 
c03e1d2a: folds
5834aed9: folds
c00a1cd9: calls 400
d7d78de8: calls 400
13f844ac: raises 2,280 to 2,680
4f27ae74: raises 4,015 to 6,695 and is all-in
Hero: folds
ad4170be: folds
c00a1cd9: folds
d7d78de8: folds
13f844ac: calls 4,015
4f27ae74: shows [Kh Ks]
13f844ac: shows [As Kd]
*** FLOP *** [3s 7h 9s]
*** TURN *** [3s 7h 9s] [8h]
*** RIVER *** [3s 7h 9s 8h] [Kc]
Hero: shows [Ac] (Ace-High)
*** SHOWDOWN ***
4f27ae74 collected 15,270 from pot
*** SUMMARY ***
Total pot 15,270 | Rake 0 | Jackpot 0 | Bingo 0 | Fortune 0 | Tax 0
Board [3s 7h 9s 8h Kc]
Seat 1: 4f27ae74 (button) showed [Kh Ks] and won (15,270) with Three Kings
Seat 2: Hero (small blind) folded before Flop
Seat 3: ad4170be (big blind) folded before Flop
Seat 4: c03e1d2a folded before Flop
Seat 5: 5834aed9 folded before Flop
Seat 6: c00a1cd9 folded before Flop
Seat 7: d7d78de8 folded before Flop
Seat 8: 13f844ac showed [As Kd] and lost with Pair of Kings


Poker Hand #TM3518140716: Tournament #154555043, Bounty Hunters Big One $1.08 Hold'em No Limit - Level8(200/400) - 2024/07/25 12:49:46
Table '139' 8-max Seat #8 is the button
Seat 1: 4f27ae74 (8,055 in chips)
Seat 2: Hero (29,916 in chips)
Seat 3: ad4170be (15,431 in chips)
Seat 4: c03e1d2a (99,009 in chips)
Seat 5: 5834aed9 (27,462 in chips)
Seat 6: c00a1cd9 (7,324 in chips)
Seat 7: d7d78de8 (44,017 in chips)
Seat 8: 13f844ac (41,347 in chips)
ad4170be: posts the ante 60
d7d78de8: posts the ante 60
4f27ae74: posts the ante 60
c00a1cd9: posts the ante 60
13f844ac: posts the ante 60
5834aed9: posts the ante 60
c03e1d2a: posts the ante 60
Hero: posts the ante 60
4f27ae74: posts small blind 200
Hero: posts big blind 400
*** HOLE CARDS ***
Dealt to 4f27ae74 
Dealt to Hero [9h Kc]
Dealt to ad4170be 
Dealt to c03e1d2a 
Dealt to 5834aed9 
Dealt to c00a1cd9 
Dealt to d7d78de8 
Dealt to 13f844ac 
ad4170be: folds
c03e1d2a: calls 400
5834aed9: folds
c00a1cd9: folds
d7d78de8: folds
13f844ac: folds
4f27ae74: calls 200
Hero: checks
*** FLOP *** [Ks 4h Td]
4f27ae74: checks
Hero: bets 840
c03e1d2a: calls 840
4f27ae74: calls 840
*** TURN *** [Ks 4h Td] [8s]
4f27ae74: checks
Hero: bets 2,100
c03e1d2a: raises 4,200 to 6,300
4f27ae74: folds
Hero: calls 4,200
*** RIVER *** [Ks 4h Td 8s] [2h]
Hero: checks
c03e1d2a: bets 8,400
Hero: calls 8,400
c03e1d2a: shows [8h Kh] (Pair of Kings and Pair of Eights)
Hero: shows [9h Kc] (Pair of Kings)
*** SHOWDOWN ***
c03e1d2a collected 33,600 from pot
*** SUMMARY ***
Total pot 33,600 | Rake 0 | Jackpot 0 | Bingo 0 | Fortune 0 | Tax 0
Board [Ks 4h Td 8s 2h]
Seat 1: 4f27ae74 (small blind) folded on the Turn
Seat 2: Hero (big blind) showed [9h Kc] and lost with Pair of Kings
Seat 3: ad4170be folded before Flop
Seat 4: c03e1d2a showed [8h Kh] and won (33,600) with Pair of Kings and Pair of Eights
Seat 5: 5834aed9 folded before Flop
Seat 6: c00a1cd9 folded before Flop
Seat 7: d7d78de8 folded before Flop
Seat 8: 13f844ac (button) folded before Flop


Poker Hand #TM3518140693: Tournament #154555043, Bounty Hunters Big One $1.08 Hold'em No Limit - Level8(200/400) - 2024/07/25 12:49:01
Table '139' 8-max Seat #7 is the button
Seat 1: 4f27ae74 (8,915 in chips)
Seat 2: Hero (29,976 in chips)
Seat 3: ad4170be (15,491 in chips)
Seat 4: c03e1d2a (99,069 in chips)
Seat 5: 5834aed9 (27,522 in chips)
Seat 6: c00a1cd9 (5,904 in chips)
Seat 7: d7d78de8 (44,077 in chips)
Seat 8: 13f844ac (41,607 in chips)
ad4170be: posts the ante 60
d7d78de8: posts the ante 60
4f27ae74: posts the ante 60
c00a1cd9: posts the ante 60
5834aed9: posts the ante 60
13f844ac: posts the ante 60
c03e1d2a: posts the ante 60
Hero: posts the ante 60
13f844ac: posts small blind 200
4f27ae74: posts big blind 400
*** HOLE CARDS ***
Dealt to 4f27ae74 
Dealt to Hero [3h 2c]
Dealt to ad4170be 
Dealt to c03e1d2a 
Dealt to 5834aed9 
Dealt to c00a1cd9 
Dealt to d7d78de8 
Dealt to 13f844ac 
Hero: folds
ad4170be: folds
c03e1d2a: folds
5834aed9: folds
c00a1cd9: raises 400 to 800
d7d78de8: folds
13f844ac: folds
4f27ae74: calls 400
*** FLOP *** [Jh 8s Qc]
4f27ae74: checks
c00a1cd9: bets 1,140
4f27ae74: folds
Uncalled bet (1,140) returned to c00a1cd9
*** SHOWDOWN ***
c00a1cd9 collected 2,280 from pot
*** SUMMARY ***
Total pot 2,280 | Rake 0 | Jackpot 0 | Bingo 0 | Fortune 0 | Tax 0
Board [Jh 8s Qc]
Seat 1: 4f27ae74 (big blind) folded on the Flop
Seat 2: Hero folded before Flop
Seat 3: ad4170be folded before Flop
Seat 4: c03e1d2a folded before Flop
Seat 5: 5834aed9 folded before Flop
Seat 6: c00a1cd9 won (2,280)
Seat 7: d7d78de8 (button) folded before Flop
Seat 8: 13f844ac (small blind) folded before Flop


Poker Hand #TM3518140667: Tournament #154555043, Bounty Hunters Big One $1.08 Hold'em No Limit - Level8(200/400) - 2024/07/25 12:47:58
Table '139' 8-max Seat #6 is the button
Seat 1: 4f27ae74 (8,975 in chips)
Seat 2: Hero (30,036 in chips)
Seat 3: ad4170be (15,551 in chips)
Seat 4: c03e1d2a (97,849 in chips)
Seat 5: 5834aed9 (27,582 in chips)
Seat 6: c00a1cd9 (5,964 in chips)
Seat 7: d7d78de8 (44,537 in chips)
Seat 8: 13f844ac (42,067 in chips)
ad4170be: posts the ante 60
4f27ae74: posts the ante 60
d7d78de8: posts the ante 60
c00a1cd9: posts the ante 60
5834aed9: posts the ante 60
13f844ac: posts the ante 60
c03e1d2a: posts the ante 60
Hero: posts the ante 60
d7d78de8: posts small blind 200
13f844ac: posts big blind 400
*** HOLE CARDS ***
Dealt to 4f27ae74 
Dealt to Hero [7h 3d]
Dealt to ad4170be 
Dealt to c03e1d2a 
Dealt to 5834aed9 
Dealt to c00a1cd9 
Dealt to d7d78de8 
Dealt to 13f844ac 
4f27ae74: folds
Hero: folds
ad4170be: folds
c03e1d2a: calls 400
5834aed9: folds
c00a1cd9: folds
d7d78de8: calls 200
13f844ac: checks
*** FLOP *** [Kc 6d 9h]
d7d78de8: checks
13f844ac: checks
c03e1d2a: bets 1,680
d7d78de8: folds
13f844ac: folds
Uncalled bet (1,680) returned to c03e1d2a
c03e1d2a: shows [6s 9s] (Pair of Nines and Pair of Sixes)
*** SHOWDOWN ***
c03e1d2a collected 1,680 from pot
*** SUMMARY ***
Total pot 1,680 | Rake 0 | Jackpot 0 | Bingo 0 | Fortune 0 | Tax 0
Board [Kc 6d 9h]
Seat 1: 4f27ae74 folded before Flop
Seat 2: Hero folded before Flop
Seat 3: ad4170be folded before Flop
Seat 4: c03e1d2a showed [6s 9s] and won (1,680)
Seat 5: 5834aed9 folded before Flop
Seat 6: c00a1cd9 (button) folded before Flop
Seat 7: d7d78de8 (small blind) folded on the Flop
Seat 8: 13f844ac (big blind) folded on the Flop


Poker Hand #TM3518140646: Tournament #154555043, Bounty Hunters Big One $1.08 Hold'em No Limit - Level7(175/350) - 2024/07/25 12:47:09
Table '139' 8-max Seat #5 is the button
Seat 1: 4f27ae74 (9,025 in chips)
Seat 2: Hero (30,086 in chips)
Seat 3: ad4170be (15,601 in chips)
Seat 4: c03e1d2a (97,899 in chips)
Seat 5: 5834aed9 (28,332 in chips)
Seat 6: c00a1cd9 (6,189 in chips)
Seat 7: d7d78de8 (45,287 in chips)
Seat 8: 13f844ac (40,142 in chips)
ad4170be: posts the ante 50
4f27ae74: posts the ante 50
d7d78de8: posts the ante 50
c00a1cd9: posts the ante 50
5834aed9: posts the ante 50
13f844ac: posts the ante 50
c03e1d2a: posts the ante 50
Hero: posts the ante 50
c00a1cd9: posts small blind 175
d7d78de8: posts big blind 350
*** HOLE CARDS ***
Dealt to 4f27ae74 
Dealt to Hero [Jh 4s]
Dealt to ad4170be 
Dealt to c03e1d2a 
Dealt to 5834aed9 
Dealt to c00a1cd9 
Dealt to d7d78de8 
Dealt to 13f844ac 
13f844ac: raises 350 to 700
4f27ae74: folds
Hero: folds
ad4170be: folds
c03e1d2a: folds
5834aed9: calls 700
c00a1cd9: folds
d7d78de8: calls 350
*** FLOP *** [9d Ah As]
d7d78de8: checks
13f844ac: checks
5834aed9: checks
*** TURN *** [9d Ah As] [7c]
d7d78de8: checks
13f844ac: bets 883
5834aed9: folds
d7d78de8: folds
Uncalled bet (883) returned to 13f844ac
*** SHOWDOWN ***
13f844ac collected 2,675 from pot
*** SUMMARY ***
Total pot 2,675 | Rake 0 | Jackpot 0 | Bingo 0 | Fortune 0 | Tax 0
Board [9d Ah As 7c]
Seat 1: 4f27ae74 folded before Flop
Seat 2: Hero folded before Flop
Seat 3: ad4170be folded before Flop
Seat 4: c03e1d2a folded before Flop
Seat 5: 5834aed9 (button) folded on the Turn
Seat 6: c00a1cd9 (small blind) folded before Flop
Seat 7: d7d78de8 (big blind) folded on the Turn
Seat 8: 13f844ac won (2,675)


Poker Hand #TM3518140628: Tournament #154555043, Bounty Hunters Big One $1.08 Hold'em No Limit - Level7(175/350) - 2024/07/25 12:46:30
Table '139' 8-max Seat #4 is the button
Seat 1: 4f27ae74 (9,075 in chips)
Seat 2: Hero (28,336 in chips)
Seat 3: ad4170be (15,651 in chips)
Seat 4: c03e1d2a (98,824 in chips)
Seat 5: 5834aed9 (28,557 in chips)
Seat 6: c00a1cd9 (6,589 in chips)
Seat 7: d7d78de8 (45,337 in chips)
Seat 8: 13f844ac (40,192 in chips)
ad4170be: posts the ante 50
4f27ae74: posts the ante 50
d7d78de8: posts the ante 50
c00a1cd9: posts the ante 50
13f844ac: posts the ante 50
5834aed9: posts the ante 50
c03e1d2a: posts the ante 50
Hero: posts the ante 50
5834aed9: posts small blind 175
c00a1cd9: posts big blind 350
*** HOLE CARDS ***
Dealt to 4f27ae74 
Dealt to Hero [Ts Tc]
Dealt to ad4170be 
Dealt to c03e1d2a 
Dealt to 5834aed9 
Dealt to c00a1cd9 
Dealt to d7d78de8 
Dealt to 13f844ac 
d7d78de8: folds
13f844ac: folds
4f27ae74: folds
Hero: raises 525 to 875
ad4170be: folds
c03e1d2a: calls 875
5834aed9: folds
c00a1cd9: folds
*** FLOP *** [6c Qc Js]
Hero: bets 883
c03e1d2a: folds
Uncalled bet (883) returned to Hero
*** SHOWDOWN ***
Hero collected 2,675 from pot
*** SUMMARY ***
Total pot 2,675 | Rake 0 | Jackpot 0 | Bingo 0 | Fortune 0 | Tax 0
Board [6c Qc Js]
Seat 1: 4f27ae74 folded before Flop
Seat 2: Hero won (2,675)
Seat 3: ad4170be folded before Flop
Seat 4: c03e1d2a (button) folded on the Flop
Seat 5: 5834aed9 (small blind) folded before Flop
Seat 6: c00a1cd9 (big blind) folded before Flop
Seat 7: d7d78de8 folded before Flop
Seat 8: 13f844ac folded before Flop


Poker Hand #TM3518140609: Tournament #154555043, Bounty Hunters Big One $1.08 Hold'em No Limit - Level7(175/350) - 2024/07/25 12:45:46
Table '139' 8-max Seat #3 is the button
Seat 1: 4f27ae74 (9,125 in chips)
Seat 2: Hero (28,386 in chips)
Seat 3: ad4170be (15,701 in chips)
Seat 4: c03e1d2a (99,049 in chips)
Seat 5: 5834aed9 (28,957 in chips)
Seat 6: c00a1cd9 (9,850 in chips)
Seat 7: d7d78de8 (41,251 in chips)
Seat 8: 13f844ac (40,242 in chips)
ad4170be: posts the ante 50
4f27ae74: posts the ante 50
d7d78de8: posts the ante 50
c00a1cd9: posts the ante 50
13f844ac: posts the ante 50
5834aed9: posts the ante 50
c03e1d2a: posts the ante 50
Hero: posts the ante 50
c03e1d2a: posts small blind 175
5834aed9: posts big blind 350
*** HOLE CARDS ***
Dealt to 4f27ae74 
Dealt to Hero [Ah 9d]
Dealt to ad4170be 
Dealt to c03e1d2a 
Dealt to 5834aed9 
Dealt to c00a1cd9 
Dealt to d7d78de8 
Dealt to 13f844ac 
c00a1cd9: raises 350 to 700
d7d78de8: raises 1,050 to 1,750
13f844ac: folds
4f27ae74: folds
Hero: folds
ad4170be: folds
c03e1d2a: folds
5834aed9: folds
c00a1cd9: calls 1,050
*** FLOP *** [2s 4s As]
c00a1cd9: bets 1,461
d7d78de8: raises 3,674 to 5,135
c00a1cd9: folds
Uncalled bet (3,674) returned to d7d78de8
*** SHOWDOWN ***
d7d78de8 collected 7,347 from pot
*** SUMMARY ***
Total pot 7,347 | Rake 0 | Jackpot 0 | Bingo 0 | Fortune 0 | Tax 0
Board [2s 4s As]
Seat 1: 4f27ae74 folded before Flop
Seat 2: Hero folded before Flop
Seat 3: ad4170be (button) folded before Flop
Seat 4: c03e1d2a (small blind) folded before Flop
Seat 5: 5834aed9 (big blind) folded before Flop
Seat 6: c00a1cd9 folded on the Flop
Seat 7: d7d78de8 won (7,347)
Seat 8: 13f844ac folded before Flop


Poker Hand #TM3518140578: Tournament #154555043, Bounty Hunters Big One $1.08 Hold'em No Limit - Level7(175/350) - 2024/07/25 12:44:41
Table '139' 8-max Seat #2 is the button
Seat 1: 4f27ae74 (9,175 in chips)
Seat 2: Hero (28,436 in chips)
Seat 3: ad4170be (26,126 in chips)
Seat 4: c03e1d2a (99,449 in chips)
Seat 5: 5834aed9 (29,007 in chips)
Seat 6: c00a1cd9 (9,900 in chips)
Seat 7: d7d78de8 (30,176 in chips)
Seat 8: 13f844ac (40,292 in chips)
ad4170be: posts the ante 50
4f27ae74: posts the ante 50
d7d78de8: posts the ante 50
c00a1cd9: posts the ante 50
13f844ac: posts the ante 50
5834aed9: posts the ante 50
c03e1d2a: posts the ante 50
Hero: posts the ante 50
ad4170be: posts small blind 175
c03e1d2a: posts big blind 350
*** HOLE CARDS ***
Dealt to 4f27ae74 
Dealt to Hero [Qh 5c]
Dealt to ad4170be 
Dealt to c03e1d2a 
Dealt to 5834aed9 
Dealt to c00a1cd9 
Dealt to d7d78de8 
Dealt to 13f844ac 
5834aed9: folds
c00a1cd9: folds
d7d78de8: raises 350 to 700
13f844ac: folds
4f27ae74: folds
Hero: folds
ad4170be: calls 525
c03e1d2a: folds
*** FLOP *** [Qd 7c 4d]
ad4170be: checks
d7d78de8: bets 1,075
ad4170be: calls 1,075
*** TURN *** [Qd 7c 4d] [4h]
ad4170be: checks
d7d78de8: bets 2,150
ad4170be: calls 2,150
*** RIVER *** [Qd 7c 4d 4h] [Qs]
ad4170be: bets 6,450
d7d78de8: calls 6,450
ad4170be: shows [Ad 3c] (Pair of Queens and Pair of Fours)
d7d78de8: shows [4c 2c] (Fours Full over Queens)
*** SHOWDOWN ***
d7d78de8 collected 21,500 from pot
*** SUMMARY ***
Total pot 21,500 | Rake 0 | Jackpot 0 | Bingo 0 | Fortune 0 | Tax 0
Board [Qd 7c 4d 4h Qs]
Seat 1: 4f27ae74 folded before Flop
Seat 2: Hero (button) folded before Flop
Seat 3: ad4170be (small blind) showed [Ad 3c] and lost with Pair of Queens and Pair of Fours
Seat 4: c03e1d2a (big blind) folded before Flop
Seat 5: 5834aed9 folded before Flop
Seat 6: c00a1cd9 folded before Flop
Seat 7: d7d78de8 showed [4c 2c] and won (21,500) with Fours Full over Queens
Seat 8: 13f844ac folded before Flop


Poker Hand #TM3518140556: Tournament #154555043, Bounty Hunters Big One $1.08 Hold'em No Limit - Level7(175/350) - 2024/07/25 12:43:52
Table '139' 8-max Seat #1 is the button
Seat 1: 4f27ae74 (9,225 in chips)
Seat 2: Hero (29,186 in chips)
Seat 3: ad4170be (26,876 in chips)
Seat 4: c03e1d2a (99,499 in chips)
Seat 5: 5834aed9 (29,057 in chips)
Seat 6: c00a1cd9 (9,950 in chips)
Seat 7: d7d78de8 (30,226 in chips)
Seat 8: 13f844ac (38,542 in chips)
ad4170be: posts the ante 50
4f27ae74: posts the ante 50
d7d78de8: posts the ante 50
c00a1cd9: posts the ante 50
13f844ac: posts the ante 50
5834aed9: posts the ante 50
c03e1d2a: posts the ante 50
Hero: posts the ante 50
Hero: posts small blind 175
ad4170be: posts big blind 350
*** HOLE CARDS ***
Dealt to 4f27ae74 
Dealt to Hero [8s As]
Dealt to ad4170be 
Dealt to c03e1d2a 
Dealt to 5834aed9 
Dealt to c00a1cd9 
Dealt to d7d78de8 
Dealt to 13f844ac 
c03e1d2a: folds
5834aed9: folds
c00a1cd9: folds
d7d78de8: folds
13f844ac: raises 350 to 700
4f27ae74: folds
Hero: calls 525
ad4170be: calls 350
*** FLOP *** [7h Qs 6c]
Hero: checks
ad4170be: checks
13f844ac: bets 825
Hero: folds
ad4170be: folds
Uncalled bet (825) returned to 13f844ac
*** SHOWDOWN ***
13f844ac collected 2,500 from pot
*** SUMMARY ***
Total pot 2,500 | Rake 0 | Jackpot 0 | Bingo 0 | Fortune 0 | Tax 0
Board [7h Qs 6c]
Seat 1: 4f27ae74 (button) folded before Flop
Seat 2: Hero (small blind) folded on the Flop
Seat 3: ad4170be (big blind) folded on the Flop
Seat 4: c03e1d2a folded before Flop
Seat 5: 5834aed9 folded before Flop
Seat 6: c00a1cd9 folded before Flop
Seat 7: d7d78de8 folded before Flop
Seat 8: 13f844ac won (2,500)


Poker Hand #TM3518140498: Tournament #154555043, Bounty Hunters Big One $1.08 Hold'em No Limit - Level7(175/350) - 2024/07/25 12:41:47
Table '139' 8-max Seat #8 is the button
Seat 1: 4f27ae74 (9,450 in chips)
Seat 2: Hero (32,131 in chips)
Seat 3: ad4170be (26,926 in chips)
Seat 4: c03e1d2a (99,549 in chips)
Seat 5: 5834aed9 (22,742 in chips)
Seat 6: c00a1cd9 (10,000 in chips)
Seat 7: d7d78de8 (30,276 in chips)
Seat 8: 13f844ac (41,487 in chips)
ad4170be: posts the ante 50
d7d78de8: posts the ante 50
4f27ae74: posts the ante 50
c00a1cd9: posts the ante 50
13f844ac: posts the ante 50
5834aed9: posts the ante 50
c03e1d2a: posts the ante 50
Hero: posts the ante 50
4f27ae74: posts small blind 175
Hero: posts big blind 350
*** HOLE CARDS ***
Dealt to 4f27ae74 
Dealt to Hero [Td 4h]
Dealt to ad4170be 
Dealt to c03e1d2a 
Dealt to 5834aed9 
Dealt to c00a1cd9 
Dealt to d7d78de8 
Dealt to 13f844ac 
ad4170be: folds
c03e1d2a: folds
5834aed9: raises 454 to 804
c00a1cd9: folds
d7d78de8: folds
13f844ac: calls 804
4f27ae74: folds
Hero: calls 454
*** FLOP *** [9h Js Qc]
Hero: checks
5834aed9: bets 2,091
13f844ac: calls 2,091
Hero: calls 2,091
*** TURN *** [9h Js Qc] [7d]
Hero: checks
5834aed9: bets 19,797 and is all-in
13f844ac: folds
Hero: folds
Uncalled bet (19,797) returned to 5834aed9
*** SHOWDOWN ***
5834aed9 collected 9,260 from pot
*** SUMMARY ***
Total pot 9,260 | Rake 0 | Jackpot 0 | Bingo 0 | Fortune 0 | Tax 0
Board [9h Js Qc 7d]
Seat 1: 4f27ae74 (small blind) folded before Flop
Seat 2: Hero (big blind) folded on the Turn
Seat 3: ad4170be folded before Flop
Seat 4: c03e1d2a folded before Flop
Seat 5: 5834aed9 won (9,260)
Seat 6: c00a1cd9 folded before Flop
Seat 7: d7d78de8 folded before Flop
Seat 8: 13f844ac (button) folded on the Turn


Poker Hand #TM3518140478: Tournament #154555043, Bounty Hunters Big One $1.08 Hold'em No Limit - Level7(175/350) - 2024/07/25 12:41:05
Table '139' 8-max Seat #7 is the button
Seat 1: 4f27ae74 (9,850 in chips)
Seat 2: Hero (32,181 in chips)
Seat 3: ad4170be (26,976 in chips)
Seat 4: c03e1d2a (99,599 in chips)
Seat 5: 5834aed9 (22,792 in chips)
Seat 7: d7d78de8 (30,326 in chips)
Seat 8: 13f844ac (40,837 in chips)
ad4170be: posts the ante 50
d7d78de8: posts the ante 50
4f27ae74: posts the ante 50
5834aed9: posts the ante 50
13f844ac: posts the ante 50
c03e1d2a: posts the ante 50
Hero: posts the ante 50
13f844ac: posts small blind 175
4f27ae74: posts big blind 350
*** HOLE CARDS ***
Dealt to 4f27ae74 
Dealt to Hero [2d 8h]
Dealt to ad4170be 
Dealt to c03e1d2a 
Dealt to 5834aed9 
Dealt to d7d78de8 
Dealt to 13f844ac 
Hero: folds
ad4170be: folds
c03e1d2a: folds
5834aed9: folds
d7d78de8: folds
13f844ac: raises 700 to 1,050
4f27ae74: folds
Uncalled bet (700) returned to 13f844ac
*** SHOWDOWN ***
13f844ac collected 1,050 from pot
*** SUMMARY ***
Total pot 1,050 | Rake 0 | Jackpot 0 | Bingo 0 | Fortune 0 | Tax 0
Seat 1: 4f27ae74 (big blind) folded before Flop
Seat 2: Hero folded before Flop
Seat 3: ad4170be folded before Flop
Seat 4: c03e1d2a folded before Flop
Seat 5: 5834aed9 folded before Flop
Seat 7: d7d78de8 (button) folded before Flop
Seat 8: 13f844ac (small blind) collected (1,050)


Poker Hand #TM3518140463: Tournament #154555043, Bounty Hunters Big One $1.08 Hold'em No Limit - Level7(175/350) - 2024/07/25 12:40:30
Table '139' 8-max Seat #6 is the button
Seat 1: 4f27ae74 (9,900 in chips)
Seat 2: Hero (31,306 in chips)
Seat 3: ad4170be (27,026 in chips)
Seat 4: c03e1d2a (99,649 in chips)
Seat 5: 5834aed9 (22,842 in chips)
Seat 6: 83a20d53 (6,958 in chips)
Seat 7: d7d78de8 (30,551 in chips)
Seat 8: 13f844ac (41,237 in chips)
ad4170be: posts the ante 50
4f27ae74: posts the ante 50
d7d78de8: posts the ante 50
5834aed9: posts the ante 50
13f844ac: posts the ante 50
83a20d53: posts the ante 50
c03e1d2a: posts the ante 50
Hero: posts the ante 50
d7d78de8: posts small blind 175
13f844ac: posts big blind 350
*** HOLE CARDS ***
Dealt to 4f27ae74 
Dealt to Hero [Ks Kh]
Dealt to ad4170be 
Dealt to c03e1d2a 
Dealt to 5834aed9 
Dealt to 83a20d53 
Dealt to d7d78de8 
Dealt to 13f844ac 
4f27ae74: folds
Hero: raises 525 to 875
ad4170be: folds
c03e1d2a: folds
5834aed9: folds
83a20d53: folds
d7d78de8: folds
13f844ac: folds
Uncalled bet (525) returned to Hero
*** SHOWDOWN ***
Hero collected 1,275 from pot
*** SUMMARY ***
Total pot 1,275 | Rake 0 | Jackpot 0 | Bingo 0 | Fortune 0 | Tax 0
Seat 1: 4f27ae74 folded before Flop
Seat 2: Hero collected (1,275)
Seat 3: ad4170be folded before Flop
Seat 4: c03e1d2a folded before Flop
Seat 5: 5834aed9 folded before Flop
Seat 6: 83a20d53 (button) folded before Flop
Seat 7: d7d78de8 (small blind) folded before Flop
Seat 8: 13f844ac (big blind) folded before Flop


Poker Hand #TM3518140443: Tournament #154555043, Bounty Hunters Big One $1.08 Hold'em No Limit - Level7(175/350) - 2024/07/25 12:39:51
Table '139' 8-max Seat #5 is the button
Seat 1: 4f27ae74 (9,950 in chips)
Seat 2: Hero (30,431 in chips)
Seat 3: ad4170be (27,076 in chips)
Seat 4: c03e1d2a (99,699 in chips)
Seat 5: 5834aed9 (22,892 in chips)
Seat 6: 83a20d53 (7,183 in chips)
Seat 7: d7d78de8 (30,951 in chips)
Seat 8: 13f844ac (41,287 in chips)
ad4170be: posts the ante 50
4f27ae74: posts the ante 50
d7d78de8: posts the ante 50
5834aed9: posts the ante 50
13f844ac: posts the ante 50
c03e1d2a: posts the ante 50
83a20d53: posts the ante 50
Hero: posts the ante 50
83a20d53: posts small blind 175
d7d78de8: posts big blind 350
*** HOLE CARDS ***
Dealt to 4f27ae74 
Dealt to Hero [8c 7h]
Dealt to ad4170be 
Dealt to c03e1d2a 
Dealt to 5834aed9 
Dealt to 83a20d53 
Dealt to d7d78de8 
Dealt to 13f844ac 
13f844ac: folds
4f27ae74: folds
Hero: raises 350 to 700
ad4170be: folds
c03e1d2a: folds
5834aed9: folds
83a20d53: folds
d7d78de8: folds
Uncalled bet (350) returned to Hero
*** SHOWDOWN ***
Hero collected 1,275 from pot
*** SUMMARY ***
Total pot 1,275 | Rake 0 | Jackpot 0 | Bingo 0 | Fortune 0 | Tax 0
Seat 1: 4f27ae74 folded before Flop
Seat 2: Hero collected (1,275)
Seat 3: ad4170be folded before Flop
Seat 4: c03e1d2a folded before Flop
Seat 5: 5834aed9 (button) folded before Flop
Seat 6: 83a20d53 (small blind) folded before Flop
Seat 7: d7d78de8 (big blind) folded before Flop
Seat 8: 13f844ac folded before Flop


Poker Hand #TM3518140416: Tournament #154555043, Bounty Hunters Big One $1.08 Hold'em No Limit - Level7(175/350) - 2024/07/25 12:38:52
Table '139' 8-max Seat #4 is the button
Seat 1: 4f27ae74 (10,000 in chips)
Seat 2: Hero (30,481 in chips)
Seat 3: ad4170be (28,876 in chips)
Seat 4: c03e1d2a (99,749 in chips)
Seat 5: 5834aed9 (23,117 in chips)
Seat 6: 83a20d53 (7,583 in chips)
Seat 7: d7d78de8 (28,326 in chips)
Seat 8: 13f844ac (41,337 in chips)
ad4170be: posts the ante 50
4f27ae74: posts the ante 50
d7d78de8: posts the ante 50
13f844ac: posts the ante 50
5834aed9: posts the ante 50
c03e1d2a: posts the ante 50
83a20d53: posts the ante 50
Hero: posts the ante 50
5834aed9: posts small blind 175
83a20d53: posts big blind 350
*** HOLE CARDS ***
Dealt to 4f27ae74 
Dealt to Hero [Qs 4d]
Dealt to ad4170be 
Dealt to c03e1d2a 
Dealt to 5834aed9 
Dealt to 83a20d53 
Dealt to d7d78de8 
Dealt to 13f844ac 
d7d78de8: raises 350 to 700
13f844ac: folds
4f27ae74: folds
Hero: folds
ad4170be: calls 700
c03e1d2a: folds
5834aed9: folds
83a20d53: folds
*** FLOP *** [8s 6s Kc]
d7d78de8: bets 1,050
ad4170be: calls 1,050
*** TURN *** [8s 6s Kc] [5s]
d7d78de8: bets 1,750
ad4170be: folds
Uncalled bet (1,750) returned to d7d78de8
*** SHOWDOWN ***
d7d78de8 collected 4,425 from pot
*** SUMMARY ***
Total pot 4,425 | Rake 0 | Jackpot 0 | Bingo 0 | Fortune 0 | Tax 0
Board [8s 6s Kc 5s]
Seat 1: 4f27ae74 folded before Flop
Seat 2: Hero folded before Flop
Seat 3: ad4170be folded on the Turn
Seat 4: c03e1d2a (button) folded before Flop
Seat 5: 5834aed9 (small blind) folded before Flop
Seat 6: 83a20d53 (big blind) folded before Flop
Seat 7: d7d78de8 won (4,425)
Seat 8: 13f844ac folded before Flop


Poker Hand #TM3518140391: Tournament #154555043, Bounty Hunters Big One $1.08 Hold'em No Limit - Level7(175/350) - 2024/07/25 12:38:01
Table '23' 8-max Seat #3 is the button
Seat 1: 62e70f0f (11,938 in chips)
Seat 2: Hero (30,531 in chips)
Seat 3: d83be660 (43,518 in chips)
Seat 4: 7974118b (3,732 in chips)
Seat 5: cdd28766 (30,847 in chips)
Seat 6: 7cd3a6c1 (10,000 in chips)
Seat 7: ad4170be (14,544 in chips)
Seat 8: c4e544b8 (22,987 in chips)
ad4170be: posts the ante 50
cdd28766: posts the ante 50
62e70f0f: posts the ante 50
c4e544b8: posts the ante 50
7cd3a6c1: posts the ante 50
7974118b: posts the ante 50
d83be660: posts the ante 50
Hero: posts the ante 50
7974118b: posts small blind 175
cdd28766: posts big blind 350
*** HOLE CARDS ***
Dealt to 62e70f0f 
Dealt to Hero [Qd 4d]
Dealt to d83be660 
Dealt to 7974118b 
Dealt to cdd28766 
Dealt to 7cd3a6c1 
Dealt to ad4170be 
Dealt to c4e544b8 
7cd3a6c1: raises 420 to 770
ad4170be: calls 770
c4e544b8: folds
62e70f0f: folds
Hero: folds
d83be660: folds
7974118b: raises 2,912 to 3,682 and is all-in
cdd28766: folds
7cd3a6c1: raises 6,268 to 9,950 and is all-in
ad4170be: calls 9,180
7cd3a6c1: shows [5c Ac]
ad4170be: shows [Jh As]
7974118b: shows [Qc Jc]
*** FLOP *** [Ah Kc 3s]
*** TURN *** [Ah Kc 3s] [Ad]
*** RIVER *** [Ah Kc 3s Ad] [8s]
*** SHOWDOWN ***
ad4170be collected 11,796 from pot
ad4170be collected 12,536 from pot
*** SUMMARY ***
Total pot 24,332 | Rake 0 | Jackpot 0 | Bingo 0 | Fortune 0 | Tax 0
Board [Ah Kc 3s Ad 8s]
Seat 1: 62e70f0f folded before Flop
Seat 2: Hero folded before Flop
Seat 3: d83be660 (button) folded before Flop
Seat 4: 7974118b (small blind) showed [Qc Jc] and lost with Pair of Aces
Seat 5: cdd28766 (big blind) folded before Flop
Seat 6: 7cd3a6c1 showed [5c Ac] and lost with Three Aces
Seat 7: ad4170be showed [Jh As] and won (24,332) with Three Aces
Seat 8: c4e544b8 folded before Flop


Poker Hand #TM3518140367: Tournament #154555043, Bounty Hunters Big One $1.08 Hold'em No Limit - Level6(150/300) - 2024/07/25 12:36:59
Table '23' 8-max Seat #2 is the button
Seat 1: 62e70f0f (11,983 in chips)
Seat 2: Hero (31,326 in chips)
Seat 3: d83be660 (43,713 in chips)
Seat 4: 7974118b (14,663 in chips)
Seat 5: cdd28766 (30,892 in chips)
Seat 7: ad4170be (14,589 in chips)
Seat 8: c4e544b8 (10,931 in chips)
ad4170be: posts the ante 45
cdd28766: posts the ante 45
62e70f0f: posts the ante 45
c4e544b8: posts the ante 45
7974118b: posts the ante 45
d83be660: posts the ante 45
Hero: posts the ante 45
d83be660: posts small blind 150
7974118b: posts big blind 300
*** HOLE CARDS ***
Dealt to 62e70f0f 
Dealt to Hero [8h 7h]
Dealt to d83be660 
Dealt to 7974118b 
Dealt to cdd28766 
Dealt to ad4170be 
Dealt to c4e544b8 
cdd28766: folds
ad4170be: folds
c4e544b8: raises 450 to 750
62e70f0f: folds
Hero: calls 750
d83be660: folds
7974118b: raises 13,868 to 14,618 and is all-in
c4e544b8: calls 10,136 and is all-in
Hero: folds
Uncalled bet (3,732) returned to 7974118b
7974118b: shows [9d 9h]
c4e544b8: shows [Th Jd]
*** FLOP *** [Qd 2d Kc]
*** TURN *** [Qd 2d Kc] [3d]
*** RIVER *** [Qd 2d Kc 3d] [As]
*** SHOWDOWN ***
c4e544b8 collected 22,987 from pot
*** SUMMARY ***
Total pot 22,987 | Rake 0 | Jackpot 0 | Bingo 0 | Fortune 0 | Tax 0
Board [Qd 2d Kc 3d As]
Seat 1: 62e70f0f folded before Flop
Seat 2: Hero (button) folded before Flop
Seat 3: d83be660 (small blind) folded before Flop
Seat 4: 7974118b (big blind) showed [9d 9h] and lost with Pair of Nines
Seat 5: cdd28766 folded before Flop
Seat 7: ad4170be folded before Flop
Seat 8: c4e544b8 showed [Th Jd] and won (22,987) with Aces-High Straight


Poker Hand #TM3518140344: Tournament #154555043, Bounty Hunters Big One $1.08 Hold'em No Limit - Level6(150/300) - 2024/07/25 12:36:12
Table '23' 8-max Seat #1 is the button
Seat 1: 62e70f0f (12,028 in chips)
Seat 2: Hero (31,521 in chips)
Seat 3: d83be660 (44,358 in chips)
Seat 4: 7974118b (16,056 in chips)
Seat 5: cdd28766 (30,937 in chips)
Seat 7: ad4170be (12,221 in chips)
Seat 8: c4e544b8 (10,976 in chips)
ad4170be: posts the ante 45
cdd28766: posts the ante 45
62e70f0f: posts the ante 45
c4e544b8: posts the ante 45
7974118b: posts the ante 45
d83be660: posts the ante 45
Hero: posts the ante 45
Hero: posts small blind 150
d83be660: posts big blind 300
*** HOLE CARDS ***
Dealt to 62e70f0f 
Dealt to Hero [7d Ah]
Dealt to d83be660 
Dealt to 7974118b 
Dealt to cdd28766 
Dealt to ad4170be 
Dealt to c4e544b8 
7974118b: raises 300 to 600
cdd28766: folds
ad4170be: calls 600
c4e544b8: folds
62e70f0f: folds
Hero: folds
d83be660: calls 300
*** FLOP *** [Qh 7c 9h]
d83be660: checks
7974118b: bets 748
ad4170be: calls 748
d83be660: folds
*** TURN *** [Qh 7c 9h] [Ad]
7974118b: checks
ad4170be: bets 1,881
7974118b: folds
Uncalled bet (1,881) returned to ad4170be
*** SHOWDOWN ***
ad4170be collected 3,761 from pot
*** SUMMARY ***
Total pot 3,761 | Rake 0 | Jackpot 0 | Bingo 0 | Fortune 0 | Tax 0
Board [Qh 7c 9h Ad]
Seat 1: 62e70f0f (button) folded before Flop
Seat 2: Hero (small blind) folded before Flop
Seat 3: d83be660 (big blind) folded on the Flop
Seat 4: 7974118b folded on the Turn
Seat 5: cdd28766 folded before Flop
Seat 7: ad4170be won (3,761)
Seat 8: c4e544b8 folded before Flop


Poker Hand #TM3518140333: Tournament #154555043, Bounty Hunters Big One $1.08 Hold'em No Limit - Level6(150/300) - 2024/07/25 12:35:58
Table '23' 8-max Seat #8 is the button
Seat 1: 62e70f0f (12,223 in chips)
Seat 2: Hero (31,866 in chips)
Seat 3: d83be660 (44,403 in chips)
Seat 4: 7974118b (16,101 in chips)
Seat 5: cdd28766 (30,982 in chips)
Seat 6: 8952e922 (15,043 in chips)
Seat 7: ad4170be (11,456 in chips)
Seat 8: c4e544b8 (11,021 in chips)
ad4170be: posts the ante 45
8952e922: posts the ante 45
cdd28766: posts the ante 45
c4e544b8: posts the ante 45
62e70f0f: posts the ante 45
7974118b: posts the ante 45
d83be660: posts the ante 45
Hero: posts the ante 45
62e70f0f: posts small blind 150
Hero: posts big blind 300
*** HOLE CARDS ***
Dealt to 62e70f0f 
Dealt to Hero [5d Ks]
Dealt to d83be660 
Dealt to 7974118b 
Dealt to cdd28766 
Dealt to 8952e922 
Dealt to ad4170be 
Dealt to c4e544b8 
d83be660: folds
7974118b: folds
cdd28766: folds
8952e922: folds
ad4170be: raises 300 to 600
c4e544b8: folds
62e70f0f: folds
Hero: folds
Uncalled bet (300) returned to ad4170be
*** SHOWDOWN ***
ad4170be collected 1,110 from pot
*** SUMMARY ***
Total pot 1,110 | Rake 0 | Jackpot 0 | Bingo 0 | Fortune 0 | Tax 0
Seat 1: 62e70f0f (small blind) folded before Flop
Seat 2: Hero (big blind) folded before Flop
Seat 3: d83be660 folded before Flop
Seat 4: 7974118b folded before Flop
Seat 5: cdd28766 folded before Flop
Seat 6: 8952e922 folded before Flop
Seat 7: ad4170be collected (1,110)
Seat 8: c4e544b8 (button) folded before Flop


Poker Hand #TM3518140323: Tournament #154555043, Bounty Hunters Big One $1.08 Hold'em No Limit - Level6(150/300) - 2024/07/25 12:35:41
Table '23' 8-max Seat #7 is the button
Seat 1: 62e70f0f (12,568 in chips)
Seat 2: Hero (31,911 in chips)
Seat 3: d83be660 (44,448 in chips)
Seat 4: 7974118b (16,146 in chips)
Seat 5: cdd28766 (31,027 in chips)
Seat 6: 8952e922 (15,088 in chips)
Seat 7: ad4170be (11,501 in chips)
Seat 8: c4e544b8 (10,406 in chips)
ad4170be: posts the ante 45
8952e922: posts the ante 45
cdd28766: posts the ante 45
62e70f0f: posts the ante 45
c4e544b8: posts the ante 45
7974118b: posts the ante 45
d83be660: posts the ante 45
Hero: posts the ante 45
c4e544b8: posts small blind 150
62e70f0f: posts big blind 300
*** HOLE CARDS ***
Dealt to 62e70f0f 
Dealt to Hero [6c Jh]
Dealt to d83be660 
Dealt to 7974118b 
Dealt to cdd28766 
Dealt to 8952e922 
Dealt to ad4170be 
Dealt to c4e544b8 
Hero: folds
d83be660: folds
7974118b: folds
cdd28766: folds
8952e922: folds
ad4170be: folds
c4e544b8: raises 600 to 900
62e70f0f: folds
Uncalled bet (600) returned to c4e544b8
*** SHOWDOWN ***
c4e544b8 collected 960 from pot
*** SUMMARY ***
Total pot 960 | Rake 0 | Jackpot 0 | Bingo 0 | Fortune 0 | Tax 0
Seat 1: 62e70f0f (big blind) folded before Flop
Seat 2: Hero folded before Flop
Seat 3: d83be660 folded before Flop
Seat 4: 7974118b folded before Flop
Seat 5: cdd28766 folded before Flop
Seat 6: 8952e922 folded before Flop
Seat 7: ad4170be (button) folded before Flop
Seat 8: c4e544b8 (small blind) collected (960)


Poker Hand #TM3518140296: Tournament #154555043, Bounty Hunters Big One $1.08 Hold'em No Limit - Level6(150/300) - 2024/07/25 12:34:29
Table '23' 8-max Seat #6 is the button
Seat 1: 62e70f0f (10,000 in chips)
Seat 2: Hero (31,956 in chips)
Seat 3: d83be660 (44,493 in chips)
Seat 4: 7974118b (16,191 in chips)
Seat 5: cdd28766 (31,072 in chips)
Seat 6: 8952e922 (15,133 in chips)
Seat 7: ad4170be (11,696 in chips)
Seat 8: c4e544b8 (12,554 in chips)
8952e922: posts the ante 45
ad4170be: posts the ante 45
cdd28766: posts the ante 45
62e70f0f: posts the ante 45
c4e544b8: posts the ante 45
7974118b: posts the ante 45
d83be660: posts the ante 45
Hero: posts the ante 45
ad4170be: posts small blind 150
c4e544b8: posts big blind 300
*** HOLE CARDS ***
Dealt to 62e70f0f 
Dealt to Hero [5c 9h]
Dealt to d83be660 
Dealt to 7974118b 
Dealt to cdd28766 
Dealt to 8952e922 
Dealt to ad4170be 
Dealt to c4e544b8 
62e70f0f: raises 300 to 600
Hero: folds
d83be660: folds
7974118b: folds
cdd28766: folds
8952e922: folds
ad4170be: folds
c4e544b8: calls 300
*** FLOP *** [6c Kc 5s]
c4e544b8: checks
62e70f0f: bets 565
c4e544b8: calls 565
*** TURN *** [6c Kc 5s] [Qd]
c4e544b8: checks
62e70f0f: bets 938
c4e544b8: calls 938
*** RIVER *** [6c Kc 5s Qd] [7d]
c4e544b8: checks
62e70f0f: checks
c4e544b8: shows [Tc Js] (King-High)
62e70f0f: shows [8s As] (Ace-High)
*** SHOWDOWN ***
62e70f0f collected 4,716 from pot
*** SUMMARY ***
Total pot 4,716 | Rake 0 | Jackpot 0 | Bingo 0 | Fortune 0 | Tax 0
Board [6c Kc 5s Qd 7d]
Seat 1: 62e70f0f showed [8s As] and won (4,716) with Ace-High
Seat 2: Hero folded before Flop
Seat 3: d83be660 folded before Flop
Seat 4: 7974118b folded before Flop
Seat 5: cdd28766 folded before Flop
Seat 6: 8952e922 (button) folded before Flop
Seat 7: ad4170be (small blind) folded before Flop
Seat 8: c4e544b8 (big blind) showed [Tc Js] and lost with King-High


Poker Hand #TM3518140259: Tournament #154555043, Bounty Hunters Big One $1.08 Hold'em No Limit - Level6(150/300) - 2024/07/25 12:33:14
Table '23' 8-max Seat #5 is the button
Seat 1: 926a12f6 (10,905 in chips)
Seat 2: Hero (32,601 in chips)
Seat 3: d83be660 (32,268 in chips)
Seat 4: 7974118b (16,236 in chips)
Seat 5: cdd28766 (31,117 in chips)
Seat 6: 8952e922 (15,328 in chips)
Seat 7: ad4170be (12,041 in chips)
Seat 8: c4e544b8 (12,599 in chips)
ad4170be: posts the ante 45
8952e922: posts the ante 45
cdd28766: posts the ante 45
c4e544b8: posts the ante 45
7974118b: posts the ante 45
d83be660: posts the ante 45
926a12f6: posts the ante 45
Hero: posts the ante 45
8952e922: posts small blind 150
ad4170be: posts big blind 300
*** HOLE CARDS ***
Dealt to 926a12f6 
Dealt to Hero [Tc 9d]
Dealt to d83be660 
Dealt to 7974118b 
Dealt to cdd28766 
Dealt to 8952e922 
Dealt to ad4170be 
Dealt to c4e544b8 
c4e544b8: folds
926a12f6: raises 300 to 600
Hero: calls 600
d83be660: raises 1,958 to 2,558
7974118b: folds
cdd28766: folds
8952e922: folds
ad4170be: folds
926a12f6: calls 1,958
Hero: folds
*** FLOP *** [Qh Jh Qs]
926a12f6: checks
d83be660: bets 600
926a12f6: raises 7,702 to 8,302 and is all-in
d83be660: calls 7,702
926a12f6: shows [5s 8s] (Pair of Queens)
d83be660: shows [Kc Qc] (Three Queens)
*** TURN *** [Qh Jh Qs] [6d]
*** RIVER *** [Qh Jh Qs 6d] [8c]
Hero: shows [Tc 9d] (Queens-High Straight)
*** SHOWDOWN ***
d83be660 collected 23,130 from pot
*** SUMMARY ***
Total pot 23,130 | Rake 0 | Jackpot 0 | Bingo 0 | Fortune 0 | Tax 0
Board [Qh Jh Qs 6d 8c]
Seat 1: 926a12f6 showed [5s 8s] and lost with Pair of Queens and Pair of Eights
Seat 2: Hero folded before Flop
Seat 3: d83be660 showed [Kc Qc] and won (23,130) with Three Queens
Seat 4: 7974118b folded before Flop
Seat 5: cdd28766 (button) folded before Flop
Seat 6: 8952e922 (small blind) folded before Flop
Seat 7: ad4170be (big blind) folded before Flop
Seat 8: c4e544b8 folded before Flop


Poker Hand #TM3518140222: Tournament #154555043, Bounty Hunters Big One $1.08 Hold'em No Limit - Level6(150/300) - 2024/07/25 12:31:58
Table '23' 8-max Seat #4 is the button
Seat 1: 926a12f6 (10,950 in chips)
Seat 2: Hero (32,646 in chips)
Seat 3: d83be660 (27,095 in chips)
Seat 4: 7974118b (16,281 in chips)
Seat 5: cdd28766 (31,312 in chips)
Seat 6: 8952e922 (20,081 in chips)
Seat 7: ad4170be (12,086 in chips)
Seat 8: c4e544b8 (12,644 in chips)
ad4170be: posts the ante 45
8952e922: posts the ante 45
cdd28766: posts the ante 45
c4e544b8: posts the ante 45
7974118b: posts the ante 45
d83be660: posts the ante 45
926a12f6: posts the ante 45
Hero: posts the ante 45
cdd28766: posts small blind 150
8952e922: posts big blind 300
*** HOLE CARDS ***
Dealt to 926a12f6 
Dealt to Hero [9h Ad]
Dealt to d83be660 
Dealt to 7974118b 
Dealt to cdd28766 
Dealt to 8952e922 
Dealt to ad4170be 
Dealt to c4e544b8 
ad4170be: folds
c4e544b8: folds
926a12f6: folds
Hero: folds
d83be660: raises 300 to 600
7974118b: folds
cdd28766: folds
8952e922: calls 300
*** FLOP *** [6c Ks 8d]
8952e922: bets 565
d83be660: raises 565 to 1,130
8952e922: calls 565
*** TURN *** [6c Ks 8d] [5d]
8952e922: checks
d83be660: bets 2,978
8952e922: calls 2,978
*** RIVER *** [6c Ks 8d 5d] [Kh]
8952e922: checks
d83be660: bets 22,342 and is all-in
8952e922: folds
Uncalled bet (22,342) returned to d83be660
*** SHOWDOWN ***
d83be660 collected 9,926 from pot
*** SUMMARY ***
Total pot 9,926 | Rake 0 | Jackpot 0 | Bingo 0 | Fortune 0 | Tax 0
Board [6c Ks 8d 5d Kh]
Seat 1: 926a12f6 folded before Flop
Seat 2: Hero folded before Flop
Seat 3: d83be660 won (9,926)
Seat 4: 7974118b (button) folded before Flop
Seat 5: cdd28766 (small blind) folded before Flop
Seat 6: 8952e922 (big blind) folded on the River
Seat 7: ad4170be folded before Flop
Seat 8: c4e544b8 folded before Flop


Poker Hand #TM3518140209: Tournament #154555043, Bounty Hunters Big One $1.08 Hold'em No Limit - Level6(150/300) - 2024/07/25 12:31:27
Table '23' 8-max Seat #3 is the button
Seat 1: 926a12f6 (10,995 in chips)
Seat 2: Hero (32,691 in chips)
Seat 3: d83be660 (27,140 in chips)
Seat 4: 7974118b (16,476 in chips)
Seat 5: cdd28766 (31,657 in chips)
Seat 6: 8952e922 (20,126 in chips)
Seat 7: ad4170be (12,131 in chips)
Seat 8: c4e544b8 (11,879 in chips)
ad4170be: posts the ante 45
8952e922: posts the ante 45
cdd28766: posts the ante 45
c4e544b8: posts the ante 45
7974118b: posts the ante 45
d83be660: posts the ante 45
926a12f6: posts the ante 45
Hero: posts the ante 45
7974118b: posts small blind 150
cdd28766: posts big blind 300
*** HOLE CARDS ***
Dealt to 926a12f6 
Dealt to Hero [6s 4s]
Dealt to d83be660 
Dealt to 7974118b 
Dealt to cdd28766 
Dealt to 8952e922 
Dealt to ad4170be 
Dealt to c4e544b8 
8952e922: folds
ad4170be: folds
c4e544b8: raises 600 to 900
926a12f6: folds
Hero: folds
d83be660: folds
7974118b: folds
cdd28766: folds
Uncalled bet (600) returned to c4e544b8
*** SHOWDOWN ***
c4e544b8 collected 1,110 from pot
*** SUMMARY ***
Total pot 1,110 | Rake 0 | Jackpot 0 | Bingo 0 | Fortune 0 | Tax 0
Seat 1: 926a12f6 folded before Flop
Seat 2: Hero folded before Flop
Seat 3: d83be660 (button) folded before Flop
Seat 4: 7974118b (small blind) folded before Flop
Seat 5: cdd28766 (big blind) folded before Flop
Seat 6: 8952e922 folded before Flop
Seat 7: ad4170be folded before Flop
Seat 8: c4e544b8 collected (1,110)


Poker Hand #TM3518140189: Tournament #154555043, Bounty Hunters Big One $1.08 Hold'em No Limit - Level6(150/300) - 2024/07/25 12:30:44
Table '23' 8-max Seat #2 is the button
Seat 1: 926a12f6 (11,040 in chips)
Seat 2: Hero (32,736 in chips)
Seat 3: d83be660 (27,335 in chips)
Seat 4: 7974118b (17,935 in chips)
Seat 5: cdd28766 (31,702 in chips)
Seat 6: 8952e922 (20,171 in chips)
Seat 7: ad4170be (12,176 in chips)
Seat 8: c4e544b8 (10,000 in chips)
ad4170be: posts the ante 45
8952e922: posts the ante 45
cdd28766: posts the ante 45
c4e544b8: posts the ante 45
7974118b: posts the ante 45
926a12f6: posts the ante 45
d83be660: posts the ante 45
Hero: posts the ante 45
d83be660: posts small blind 150
7974118b: posts big blind 300
*** HOLE CARDS ***
Dealt to 926a12f6 
Dealt to Hero [Qs 6s]
Dealt to d83be660 
Dealt to 7974118b 
Dealt to cdd28766 
Dealt to 8952e922 
Dealt to ad4170be 
Dealt to c4e544b8 
cdd28766: folds
8952e922: folds
ad4170be: folds
c4e544b8: raises 450 to 750
926a12f6: folds
Hero: folds
d83be660: folds
7974118b: calls 450
*** FLOP *** [As 5h Jc]
7974118b: bets 664
c4e544b8: calls 664
*** TURN *** [As 5h Jc] [7c]
7974118b: checks
c4e544b8: bets 2,504
7974118b: folds
Uncalled bet (2,504) returned to c4e544b8
*** SHOWDOWN ***
c4e544b8 collected 3,338 from pot
*** SUMMARY ***
Total pot 3,338 | Rake 0 | Jackpot 0 | Bingo 0 | Fortune 0 | Tax 0
Board [As 5h Jc 7c]
Seat 1: 926a12f6 folded before Flop
Seat 2: Hero (button) folded before Flop
Seat 3: d83be660 (small blind) folded before Flop
Seat 4: 7974118b (big blind) folded on the Turn
Seat 5: cdd28766 folded before Flop
Seat 6: 8952e922 folded before Flop
Seat 7: ad4170be folded before Flop
Seat 8: c4e544b8 won (3,338)


Poker Hand #TM3518140151: Tournament #154555043, Bounty Hunters Big One $1.08 Hold'em No Limit - Level6(150/300) - 2024/07/25 12:29:24
Table '23' 8-max Seat #1 is the button
Seat 1: 926a12f6 (11,745 in chips)
Seat 2: Hero (33,441 in chips)
Seat 3: d83be660 (28,040 in chips)
Seat 4: 7974118b (17,980 in chips)
Seat 5: cdd28766 (29,452 in chips)
Seat 6: 8952e922 (20,216 in chips)
Seat 7: ad4170be (12,221 in chips)
ad4170be: posts the ante 45
8952e922: posts the ante 45
cdd28766: posts the ante 45
7974118b: posts the ante 45
926a12f6: posts the ante 45
d83be660: posts the ante 45
Hero: posts the ante 45
Hero: posts small blind 150
d83be660: posts big blind 300
*** HOLE CARDS ***
Dealt to 926a12f6 
Dealt to Hero [6c Ac]
Dealt to d83be660 
Dealt to 7974118b 
Dealt to cdd28766 
Dealt to 8952e922 
Dealt to ad4170be 
7974118b: folds
cdd28766: raises 360 to 660
8952e922: folds
ad4170be: folds
926a12f6: calls 660
Hero: calls 510
d83be660: calls 360
*** FLOP *** [Kd 4d 4h]
Hero: checks
d83be660: checks
cdd28766: bets 2,100
926a12f6: folds
Hero: folds
d83be660: folds
Uncalled bet (2,100) returned to cdd28766
*** SHOWDOWN ***
cdd28766 collected 2,955 from pot
*** SUMMARY ***
Total pot 2,955 | Rake 0 | Jackpot 0 | Bingo 0 | Fortune 0 | Tax 0
Board [Kd 4d 4h]
Seat 1: 926a12f6 (button) folded on the Flop
Seat 2: Hero (small blind) folded on the Flop
Seat 3: d83be660 (big blind) folded on the Flop
Seat 4: 7974118b folded before Flop
Seat 5: cdd28766 won (2,955)
Seat 6: 8952e922 folded before Flop
Seat 7: ad4170be folded before Flop


Poker Hand #TM3518140142: Tournament #154555043, Bounty Hunters Big One $1.08 Hold'em No Limit - Level6(150/300) - 2024/07/25 12:28:56
Table '23' 8-max Seat #7 is the button
Seat 1: 926a12f6 (11,940 in chips)
Seat 2: Hero (33,786 in chips)
Seat 3: d83be660 (28,085 in chips)
Seat 4: 7974118b (18,025 in chips)
Seat 5: cdd28766 (29,497 in chips)
Seat 6: 8952e922 (20,261 in chips)
Seat 7: ad4170be (11,501 in chips)
ad4170be: posts the ante 45
8952e922: posts the ante 45
cdd28766: posts the ante 45
7974118b: posts the ante 45
d83be660: posts the ante 45
926a12f6: posts the ante 45
Hero: posts the ante 45
926a12f6: posts small blind 150
Hero: posts big blind 300
*** HOLE CARDS ***
Dealt to 926a12f6 
Dealt to Hero [4s 7c]
Dealt to d83be660 
Dealt to 7974118b 
Dealt to cdd28766 
Dealt to 8952e922 
Dealt to ad4170be 
d83be660: folds
7974118b: folds
cdd28766: folds
8952e922: folds
ad4170be: raises 300 to 600
926a12f6: folds
Hero: folds
Uncalled bet (300) returned to ad4170be
*** SHOWDOWN ***
ad4170be collected 1,065 from pot
*** SUMMARY ***
Total pot 1,065 | Rake 0 | Jackpot 0 | Bingo 0 | Fortune 0 | Tax 0
Seat 1: 926a12f6 (small blind) folded before Flop
Seat 2: Hero (big blind) folded before Flop
Seat 3: d83be660 folded before Flop
Seat 4: 7974118b folded before Flop
Seat 5: cdd28766 folded before Flop
Seat 6: 8952e922 folded before Flop
Seat 7: ad4170be (button) collected (1,065)


Poker Hand #TM3518140130: Tournament #154555043, Bounty Hunters Big One $1.08 Hold'em No Limit - Level6(150/300) - 2024/07/25 12:28:38
Table '23' 8-max Seat #6 is the button
Seat 1: 926a12f6 (11,520 in chips)
Seat 2: Hero (33,831 in chips)
Seat 3: d83be660 (28,130 in chips)
Seat 4: 7974118b (18,070 in chips)
Seat 5: cdd28766 (29,542 in chips)
Seat 6: 8952e922 (20,306 in chips)
Seat 7: ad4170be (11,696 in chips)
8952e922: posts the ante 45
ad4170be: posts the ante 45
cdd28766: posts the ante 45
7974118b: posts the ante 45
d83be660: posts the ante 45
926a12f6: posts the ante 45
Hero: posts the ante 45
ad4170be: posts small blind 150
926a12f6: posts big blind 300
*** HOLE CARDS ***
Dealt to 926a12f6 
Dealt to Hero [9h Jd]
Dealt to d83be660 
Dealt to 7974118b 
Dealt to cdd28766 
Dealt to 8952e922 
Dealt to ad4170be 
Hero: folds
d83be660: folds
7974118b: folds
cdd28766: folds
8952e922: folds
ad4170be: folds
Uncalled bet (150) returned to 926a12f6
*** SHOWDOWN ***
926a12f6 collected 615 from pot
*** SUMMARY ***
Total pot 615 | Rake 0 | Jackpot 0 | Bingo 0 | Fortune 0 | Tax 0
Seat 1: 926a12f6 (big blind) collected (615)
Seat 2: Hero folded before Flop
Seat 3: d83be660 folded before Flop
Seat 4: 7974118b folded before Flop
Seat 5: cdd28766 folded before Flop
Seat 6: 8952e922 (button) folded before Flop
Seat 7: ad4170be (small blind) folded before Flop


Poker Hand #TM3518140100: Tournament #154555043, Bounty Hunters Big One $1.08 Hold'em No Limit - Level5(125/250) - 2024/07/25 12:27:18
Table '23' 8-max Seat #4 is the button
Seat 1: 926a12f6 (12,055 in chips)
Seat 2: Hero (34,366 in chips)
Seat 3: d83be660 (21,756 in chips)
Seat 4: 7974118b (18,105 in chips)
Seat 5: 3b288786 (410 in chips)
Seat 6: 8952e922 (20,591 in chips)
Seat 7: ad4170be (11,731 in chips)
Seat 8: 2ddfdd4f (4,539 in chips)
ad4170be: posts the ante 35
8952e922: posts the ante 35
7974118b: posts the ante 35
d83be660: posts the ante 35
926a12f6: posts the ante 35
Hero: posts the ante 35
2ddfdd4f: posts the ante 35
3b288786: posts the ante 35
3b288786: posts small blind 125
8952e922: posts big blind 250
*** HOLE CARDS ***
Dealt to 926a12f6 
Dealt to Hero [4c 3h]
Dealt to d83be660 
Dealt to 7974118b 
Dealt to 3b288786 
Dealt to 8952e922 
Dealt to ad4170be 
Dealt to 2ddfdd4f 
ad4170be: folds
2ddfdd4f: raises 250 to 500
926a12f6: calls 500
Hero: calls 500
d83be660: raises 21,221 to 21,721 and is all-in
7974118b: folds
3b288786: calls 250 and is all-in
8952e922: folds
2ddfdd4f: calls 4,004 and is all-in
926a12f6: folds
Hero: folds
Uncalled bet (17,217) returned to d83be660
d83be660: shows [8s Ad]
3b288786: shows [Jc Ts]
2ddfdd4f: shows [Kc 8c]
*** FLOP *** [4h 7d 4d]
*** TURN *** [4h 7d 4d] [6c]
*** RIVER *** [4h 7d 4d 6c] [9d]
Hero: shows [4c] (Three Fours)
*** SHOWDOWN ***
d83be660 collected 2,405 from pot
d83be660 collected 8,508 from pot
*** SUMMARY ***
Total pot 10,913 | Rake 0 | Jackpot 0 | Bingo 0 | Fortune 0 | Tax 0
Board [4h 7d 4d 6c 9d]
Seat 1: 926a12f6 folded before Flop
Seat 2: Hero folded before Flop
Seat 3: d83be660 showed [8s Ad] and won (10,913) with Pair of Fours
Seat 4: 7974118b (button) folded before Flop
Seat 5: 3b288786 (small blind) showed [Jc Ts] and lost with Pair of Fours
Seat 6: 8952e922 (big blind) folded before Flop
Seat 7: ad4170be folded before Flop
Seat 8: 2ddfdd4f showed [Kc 8c] and lost with Pair of Fours


Poker Hand #TM3518140064: Tournament #154555043, Bounty Hunters Big One $1.08 Hold'em No Limit - Level5(125/250) - 2024/07/25 12:25:45
Table '23' 8-max Seat #3 is the button
Seat 1: 926a12f6 (14,471 in chips)
Seat 2: Hero (34,401 in chips)
Seat 3: d83be660 (9,520 in chips)
Seat 4: 7974118b (18,265 in chips)
Seat 5: 3b288786 (9,930 in chips)
Seat 6: 8952e922 (20,626 in chips)
Seat 7: ad4170be (11,766 in chips)
Seat 8: 2ddfdd4f (4,574 in chips)
ad4170be: posts the ante 35
8952e922: posts the ante 35
7974118b: posts the ante 35
d83be660: posts the ante 35
926a12f6: posts the ante 35
Hero: posts the ante 35
2ddfdd4f: posts the ante 35
3b288786: posts the ante 35
7974118b: posts small blind 125
3b288786: posts big blind 250
*** HOLE CARDS ***
Dealt to 926a12f6 
Dealt to Hero [Js 3c]
Dealt to d83be660 
Dealt to 7974118b 
Dealt to 3b288786 
Dealt to 8952e922 
Dealt to ad4170be 
Dealt to 2ddfdd4f 
8952e922: folds
ad4170be: folds
2ddfdd4f: folds
926a12f6: raises 250 to 500
Hero: folds
d83be660: calls 500
7974118b: folds
3b288786: calls 250
*** FLOP *** [9c 7s 2s]
3b288786: bets 629
926a12f6: calls 629
d83be660: calls 629
*** TURN *** [9c 7s 2s] [9s]
3b288786: bets 1,252
926a12f6: calls 1,252
d83be660: calls 1,252
*** RIVER *** [9c 7s 2s 9s] [5c]
3b288786: bets 7,514 and is all-in
926a12f6: folds
d83be660: calls 7,104 and is all-in
Uncalled bet (410) returned to 3b288786
3b288786: shows [6s 8h] (Nines-High Straight)
d83be660: shows [4s 5s] (Nine High Flush)
*** SHOWDOWN ***
d83be660 collected 21,756 from pot
*** SUMMARY ***
Total pot 21,756 | Rake 0 | Jackpot 0 | Bingo 0 | Fortune 0 | Tax 0
Board [9c 7s 2s 9s 5c]
Seat 1: 926a12f6 folded on the River
Seat 2: Hero folded before Flop
Seat 3: d83be660 (button) showed [4s 5s] and won (21,756) with Nine High Flush
Seat 4: 7974118b (small blind) folded before Flop
Seat 5: 3b288786 (big blind) showed [6s 8h] and lost with Nines-High Straight
Seat 6: 8952e922 folded before Flop
Seat 7: ad4170be folded before Flop
Seat 8: 2ddfdd4f folded before Flop


Poker Hand #TM3518140032: Tournament #154555043, Bounty Hunters Big One $1.08 Hold'em No Limit - Level5(125/250) - 2024/07/25 12:24:38
Table '23' 8-max Seat #2 is the button
Seat 1: 926a12f6 (14,506 in chips)
Seat 2: Hero (34,436 in chips)
Seat 3: d83be660 (9,680 in chips)
Seat 4: 7974118b (8,965 in chips)
Seat 5: 3b288786 (9,965 in chips)
Seat 6: 8952e922 (20,661 in chips)
Seat 7: ad4170be (11,801 in chips)
Seat 8: 2ddfdd4f (13,539 in chips)
ad4170be: posts the ante 35
8952e922: posts the ante 35
7974118b: posts the ante 35
926a12f6: posts the ante 35
d83be660: posts the ante 35
Hero: posts the ante 35
2ddfdd4f: posts the ante 35
3b288786: posts the ante 35
d83be660: posts small blind 125
7974118b: posts big blind 250
*** HOLE CARDS ***
Dealt to 926a12f6 
Dealt to Hero [8d 6h]
Dealt to d83be660 
Dealt to 7974118b 
Dealt to 3b288786 
Dealt to 8952e922 
Dealt to ad4170be 
Dealt to 2ddfdd4f 
3b288786: folds
8952e922: folds
ad4170be: folds
2ddfdd4f: raises 275 to 525
926a12f6: folds
Hero: folds
d83be660: folds
7974118b: raises 8,405 to 8,930 and is all-in
2ddfdd4f: calls 8,405
7974118b: shows [Jh Jc]
2ddfdd4f: shows [Ah Qd]
*** FLOP *** [4s 9c 7c]
*** TURN *** [4s 9c 7c] [Tc]
*** RIVER *** [4s 9c 7c Tc] [8c]
*** SHOWDOWN ***
7974118b collected 18,265 from pot
*** SUMMARY ***
Total pot 18,265 | Rake 0 | Jackpot 0 | Bingo 0 | Fortune 0 | Tax 0
Board [4s 9c 7c Tc 8c]
Seat 1: 926a12f6 folded before Flop
Seat 2: Hero (button) folded before Flop
Seat 3: d83be660 (small blind) folded before Flop
Seat 4: 7974118b (big blind) showed [Jh Jc] and won (18,265) with Jack-High Straight Flush
Seat 5: 3b288786 folded before Flop
Seat 6: 8952e922 folded before Flop
Seat 7: ad4170be folded before Flop
Seat 8: 2ddfdd4f showed [Ah Qd] and lost with Ace-High


Poker Hand #TM3518140016: Tournament #154555043, Bounty Hunters Big One $1.08 Hold'em No Limit - Level5(125/250) - 2024/07/25 12:23:53
Table '23' 8-max Seat #1 is the button
Seat 1: 926a12f6 (14,541 in chips)
Seat 2: Hero (32,941 in chips)
Seat 3: d83be660 (9,965 in chips)
Seat 4: 7974118b (10,000 in chips)
Seat 5: 3b288786 (10,000 in chips)
Seat 6: 8952e922 (20,696 in chips)
Seat 7: ad4170be (11,836 in chips)
Seat 8: 2ddfdd4f (13,574 in chips)
ad4170be: posts the ante 35
8952e922: posts the ante 35
7974118b: posts the ante 35
926a12f6: posts the ante 35
d83be660: posts the ante 35
2ddfdd4f: posts the ante 35
Hero: posts the ante 35
3b288786: posts the ante 35
Hero: posts small blind 125
d83be660: posts big blind 250
*** HOLE CARDS ***
Dealt to 926a12f6 
Dealt to Hero [Kh Jh]
Dealt to d83be660 
Dealt to 7974118b 
Dealt to 3b288786 
Dealt to 8952e922 
Dealt to ad4170be 
Dealt to 2ddfdd4f 
7974118b: raises 750 to 1,000
3b288786: folds
8952e922: folds
ad4170be: folds
2ddfdd4f: folds
926a12f6: folds
Hero: calls 875
d83be660: folds
*** FLOP *** [9s 7s Th]
Hero: bets 1,265
7974118b: folds
Uncalled bet (1,265) returned to Hero
*** SHOWDOWN ***
Hero collected 2,530 from pot
*** SUMMARY ***
Total pot 2,530 | Rake 0 | Jackpot 0 | Bingo 0 | Fortune 0 | Tax 0
Board [9s 7s Th]
Seat 1: 926a12f6 (button) folded before Flop
Seat 2: Hero (small blind) won (2,530)
Seat 3: d83be660 (big blind) folded before Flop
Seat 4: 7974118b folded on the Flop
Seat 5: 3b288786 folded before Flop
Seat 6: 8952e922 folded before Flop
Seat 7: ad4170be folded before Flop
Seat 8: 2ddfdd4f folded before Flop


Poker Hand #TM3518140004: Tournament #154555043, Bounty Hunters Big One $1.08 Hold'em No Limit - Level5(125/250) - 2024/07/25 12:23:22
Table '23' 8-max Seat #8 is the button
Seat 1: 926a12f6 (14,701 in chips)
Seat 2: Hero (32,606 in chips)
Seat 3: d83be660 (10,000 in chips)
Seat 5: 45070791 (18,212 in chips)
Seat 6: 8952e922 (20,731 in chips)
Seat 7: ad4170be (11,871 in chips)
Seat 8: 2ddfdd4f (13,609 in chips)
ad4170be: posts the ante 35
8952e922: posts the ante 35
45070791: posts the ante 35
d83be660: posts the ante 35
926a12f6: posts the ante 35
2ddfdd4f: posts the ante 35
Hero: posts the ante 35
926a12f6: posts small blind 125
Hero: posts big blind 250
*** HOLE CARDS ***
Dealt to 926a12f6 
Dealt to Hero [Th 7d]
Dealt to d83be660 
Dealt to 45070791 
Dealt to 8952e922 
Dealt to ad4170be 
Dealt to 2ddfdd4f 
d83be660: folds
45070791: folds
8952e922: folds
ad4170be: folds
2ddfdd4f: folds
926a12f6: folds
Uncalled bet (125) returned to Hero
*** SHOWDOWN ***
Hero collected 495 from pot
*** SUMMARY ***
Total pot 495 | Rake 0 | Jackpot 0 | Bingo 0 | Fortune 0 | Tax 0
Seat 1: 926a12f6 (small blind) folded before Flop
Seat 2: Hero (big blind) collected (495)
Seat 3: d83be660 folded before Flop
Seat 5: 45070791 folded before Flop
Seat 6: 8952e922 folded before Flop
Seat 7: ad4170be folded before Flop
Seat 8: 2ddfdd4f (button) folded before Flop


Poker Hand #TM3518139975: Tournament #154555043, Bounty Hunters Big One $1.08 Hold'em No Limit - Level5(125/250) - 2024/07/25 12:22:31
Table '23' 8-max Seat #7 is the button
Seat 1: 926a12f6 (15,486 in chips)
Seat 2: Hero (23,376 in chips)
Seat 4: def0248b (8,180 in chips)
Seat 5: 45070791 (18,247 in chips)
Seat 6: 8952e922 (20,766 in chips)
Seat 7: ad4170be (11,906 in chips)
Seat 8: 2ddfdd4f (13,769 in chips)
ad4170be: posts the ante 35
8952e922: posts the ante 35
45070791: posts the ante 35
def0248b: posts the ante 35
926a12f6: posts the ante 35
Hero: posts the ante 35
2ddfdd4f: posts the ante 35
2ddfdd4f: posts small blind 125
926a12f6: posts big blind 250
*** HOLE CARDS ***
Dealt to 926a12f6 
Dealt to Hero [Ah Ac]
Dealt to def0248b 
Dealt to 45070791 
Dealt to 8952e922 
Dealt to ad4170be 
Dealt to 2ddfdd4f 
Hero: calls 250
def0248b: raises 500 to 750
45070791: folds
8952e922: folds
ad4170be: folds
2ddfdd4f: folds
926a12f6: calls 500
Hero: raises 2,620 to 3,370
def0248b: raises 4,775 to 8,145 and is all-in
926a12f6: folds
Hero: calls 4,775
def0248b: shows [Kd Ks]
Hero: shows [Ah Ac]
*** FLOP *** [Th Jd 6c]
*** TURN *** [Th Jd 6c] [Ad]
*** RIVER *** [Th Jd 6c Ad] [7c]
*** SHOWDOWN ***
Hero collected 17,410 from pot
*** SUMMARY ***
Total pot 17,410 | Rake 0 | Jackpot 0 | Bingo 0 | Fortune 0 | Tax 0
Board [Th Jd 6c Ad 7c]
Seat 1: 926a12f6 (big blind) folded before Flop
Seat 2: Hero showed [Ah Ac] and won (17,410) with Three Aces
Seat 4: def0248b showed [Kd Ks] and lost with Pair of Kings
Seat 5: 45070791 folded before Flop
Seat 6: 8952e922 folded before Flop
Seat 7: ad4170be (button) folded before Flop
Seat 8: 2ddfdd4f (small blind) folded before Flop


Poker Hand #TM3518139939: Tournament #154555043, Bounty Hunters Big One $1.08 Hold'em No Limit - Level5(125/250) - 2024/07/25 12:21:14
Table '23' 8-max Seat #6 is the button
Seat 1: 926a12f6 (15,521 in chips)
Seat 2: Hero (23,411 in chips)
Seat 3: 4bc1a7e1 (8,775 in chips)
Seat 4: def0248b (8,215 in chips)
Seat 5: 45070791 (8,887 in chips)
Seat 6: 8952e922 (20,801 in chips)
Seat 7: ad4170be (12,066 in chips)
Seat 8: 2ddfdd4f (14,054 in chips)
8952e922: posts the ante 35
45070791: posts the ante 35
def0248b: posts the ante 35
ad4170be: posts the ante 35
926a12f6: posts the ante 35
Hero: posts the ante 35
2ddfdd4f: posts the ante 35
4bc1a7e1: posts the ante 35
ad4170be: posts small blind 125
2ddfdd4f: posts big blind 250
*** HOLE CARDS ***
Dealt to 926a12f6 
Dealt to Hero [3s Ts]
Dealt to 4bc1a7e1 
Dealt to def0248b 
Dealt to 45070791 
Dealt to 8952e922 
Dealt to ad4170be 
Dealt to 2ddfdd4f 
926a12f6: folds
Hero: folds
4bc1a7e1: raises 300 to 550
def0248b: folds
45070791: raises 1,325 to 1,875
8952e922: folds
ad4170be: folds
2ddfdd4f: folds
4bc1a7e1: calls 1,325
*** FLOP *** [3h 9h 3c]
4bc1a7e1: checks
45070791: bets 1,500
4bc1a7e1: raises 5,365 to 6,865 and is all-in
45070791: calls 5,365
4bc1a7e1: shows [Ac 9d] (Pair of Nines and Pair of Treys)
45070791: shows [Ah Ad] (Pair of Aces and Pair of Treys)
*** TURN *** [3h 9h 3c] [Qh]
*** RIVER *** [3h 9h 3c Qh] [4d]
*** SHOWDOWN ***
45070791 collected 18,135 from pot
*** SUMMARY ***
Total pot 18,135 | Rake 0 | Jackpot 0 | Bingo 0 | Fortune 0 | Tax 0
Board [3h 9h 3c Qh 4d]
Seat 1: 926a12f6 folded before Flop
Seat 2: Hero folded before Flop
Seat 3: 4bc1a7e1 showed [Ac 9d] and lost with Pair of Nines and Pair of Treys
Seat 4: def0248b folded before Flop
Seat 5: 45070791 showed [Ah Ad] and won (18,135) with Pair of Aces and Pair of Treys
Seat 6: 8952e922 (button) folded before Flop
Seat 7: ad4170be (small blind) folded before Flop
Seat 8: 2ddfdd4f (big blind) folded before Flop


Poker Hand #TM3518139911: Tournament #154555043, Bounty Hunters Big One $1.08 Hold'em No Limit - Level5(125/250) - 2024/07/25 12:20:08
Table '23' 8-max Seat #5 is the button
Seat 1: 926a12f6 (15,556 in chips)
Seat 2: Hero (23,446 in chips)
Seat 3: 4bc1a7e1 (8,810 in chips)
Seat 4: def0248b (9,425 in chips)
Seat 5: 45070791 (9,172 in chips)
Seat 6: 8952e922 (21,086 in chips)
Seat 7: ad4170be (10,146 in chips)
Seat 8: 2ddfdd4f (14,089 in chips)
45070791: posts the ante 35
def0248b: posts the ante 35
ad4170be: posts the ante 35
8952e922: posts the ante 35
926a12f6: posts the ante 35
Hero: posts the ante 35
2ddfdd4f: posts the ante 35
4bc1a7e1: posts the ante 35
8952e922: posts small blind 125
ad4170be: posts big blind 250
*** HOLE CARDS ***
Dealt to 926a12f6 
Dealt to Hero [Ks 3d]
Dealt to 4bc1a7e1 
Dealt to def0248b 
Dealt to 45070791 
Dealt to 8952e922 
Dealt to ad4170be 
Dealt to 2ddfdd4f 
2ddfdd4f: folds
926a12f6: folds
Hero: folds
4bc1a7e1: folds
def0248b: calls 250
45070791: calls 250
8952e922: calls 125
ad4170be: checks
*** FLOP *** [4h 7c 5c]
8952e922: checks
ad4170be: checks
def0248b: bets 425
45070791: folds
8952e922: folds
ad4170be: calls 425
*** TURN *** [4h 7c 5c] [8d]
ad4170be: checks
def0248b: bets 500
ad4170be: calls 500
*** RIVER *** [4h 7c 5c 8d] [Ac]
ad4170be: checks
def0248b: checks
ad4170be: shows [7h 8s] (Pair of Eights and Pair of Sevens)
def0248b: shows [Qc 8h] (Pair of Eights)
*** SHOWDOWN ***
ad4170be collected 3,130 from pot
*** SUMMARY ***
Total pot 3,130 | Rake 0 | Jackpot 0 | Bingo 0 | Fortune 0 | Tax 0
Board [4h 7c 5c 8d Ac]
Seat 1: 926a12f6 folded before Flop
Seat 2: Hero folded before Flop
Seat 3: 4bc1a7e1 folded before Flop
Seat 4: def0248b showed [Qc 8h] and lost with Pair of Eights
Seat 5: 45070791 (button) folded on the Flop
Seat 6: 8952e922 (small blind) folded on the Flop
Seat 7: ad4170be (big blind) showed [7h 8s] and won (3,130) with Pair of Eights and Pair of Sevens
Seat 8: 2ddfdd4f folded before Flop


Poker Hand #TM3518139889: Tournament #154555043, Bounty Hunters Big One $1.08 Hold'em No Limit - Level5(125/250) - 2024/07/25 12:19:17
Table '23' 8-max Seat #4 is the button
Seat 1: 926a12f6 (15,591 in chips)
Seat 2: Hero (26,494 in chips)
Seat 3: 4bc1a7e1 (8,845 in chips)
Seat 4: def0248b (9,460 in chips)
Seat 5: 45070791 (9,332 in chips)
Seat 6: 8952e922 (17,703 in chips)
Seat 7: ad4170be (10,181 in chips)
Seat 8: 2ddfdd4f (14,124 in chips)
def0248b: posts the ante 35
ad4170be: posts the ante 35
8952e922: posts the ante 35
45070791: posts the ante 35
926a12f6: posts the ante 35
Hero: posts the ante 35
2ddfdd4f: posts the ante 35
4bc1a7e1: posts the ante 35
45070791: posts small blind 125
8952e922: posts big blind 250
*** HOLE CARDS ***
Dealt to 926a12f6 
Dealt to Hero [9s 8h]
Dealt to 4bc1a7e1 
Dealt to def0248b 
Dealt to 45070791 
Dealt to 8952e922 
Dealt to ad4170be 
Dealt to 2ddfdd4f 
ad4170be: folds
2ddfdd4f: folds
926a12f6: folds
Hero: raises 250 to 500
4bc1a7e1: folds
def0248b: folds
45070791: folds
8952e922: calls 250
*** FLOP *** [4d Th 6d]
8952e922: bets 464
Hero: calls 464
*** TURN *** [4d Th 6d] [6s]
8952e922: bets 770
Hero: calls 770
*** RIVER *** [4d Th 6d 6s] [9d]
8952e922: bets 1,279
Hero: calls 1,279
8952e922: shows [8s Tc] (Pair of Tens and Pair of Sixes)
Hero: shows [9s 8h] (Pair of Nines and Pair of Sixes)
*** SHOWDOWN ***
8952e922 collected 6,431 from pot
*** SUMMARY ***
Total pot 6,431 | Rake 0 | Jackpot 0 | Bingo 0 | Fortune 0 | Tax 0
Board [4d Th 6d 6s 9d]
Seat 1: 926a12f6 folded before Flop
Seat 2: Hero showed [9s 8h] and lost with Pair of Nines and Pair of Sixes
Seat 3: 4bc1a7e1 folded before Flop
Seat 4: def0248b (button) folded before Flop
Seat 5: 45070791 (small blind) folded before Flop
Seat 6: 8952e922 (big blind) showed [8s Tc] and won (6,431) with Pair of Tens and Pair of Sixes
Seat 7: ad4170be folded before Flop
Seat 8: 2ddfdd4f folded before Flop


Poker Hand #TM3518139874: Tournament #154555043, Bounty Hunters Big One $1.08 Hold'em No Limit - Level5(125/250) - 2024/07/25 12:18:53
Table '23' 8-max Seat #3 is the button
Seat 1: 926a12f6 (15,626 in chips)
Seat 2: Hero (26,529 in chips)
Seat 3: 4bc1a7e1 (8,880 in chips)
Seat 4: def0248b (9,620 in chips)
Seat 5: 45070791 (8,962 in chips)
Seat 6: 8952e922 (17,738 in chips)
Seat 7: ad4170be (10,216 in chips)
Seat 8: 2ddfdd4f (14,159 in chips)
ad4170be: posts the ante 35
8952e922: posts the ante 35
45070791: posts the ante 35
def0248b: posts the ante 35
926a12f6: posts the ante 35
Hero: posts the ante 35
2ddfdd4f: posts the ante 35
4bc1a7e1: posts the ante 35
def0248b: posts small blind 125
45070791: posts big blind 250
*** HOLE CARDS ***
Dealt to 926a12f6 
Dealt to Hero [4h Qc]
Dealt to 4bc1a7e1 
Dealt to def0248b 
Dealt to 45070791 
Dealt to 8952e922 
Dealt to ad4170be 
Dealt to 2ddfdd4f 
8952e922: folds
ad4170be: folds
2ddfdd4f: folds
926a12f6: folds
Hero: folds
4bc1a7e1: folds
def0248b: folds
Uncalled bet (125) returned to 45070791
*** SHOWDOWN ***
45070791 collected 530 from pot
*** SUMMARY ***
Total pot 530 | Rake 0 | Jackpot 0 | Bingo 0 | Fortune 0 | Tax 0
Seat 1: 926a12f6 folded before Flop
Seat 2: Hero folded before Flop
Seat 3: 4bc1a7e1 (button) folded before Flop
Seat 4: def0248b (small blind) folded before Flop
Seat 5: 45070791 (big blind) collected (530)
Seat 6: 8952e922 folded before Flop
Seat 7: ad4170be folded before Flop
Seat 8: 2ddfdd4f folded before Flop


Poker Hand #TM3518139820: Tournament #154555043, Bounty Hunters Big One $1.08 Hold'em No Limit - Level4(100/200) - 2024/07/25 12:17:11
Table '23' 8-max Seat #2 is the button
Seat 1: 926a12f6 (15,656 in chips)
Seat 2: Hero (25,176 in chips)
Seat 3: 4bc1a7e1 (9,010 in chips)
Seat 4: def0248b (9,850 in chips)
Seat 5: 45070791 (8,992 in chips)
Seat 6: 8952e922 (18,611 in chips)
Seat 7: ad4170be (10,246 in chips)
Seat 8: 2ddfdd4f (14,189 in chips)
ad4170be: posts the ante 30
8952e922: posts the ante 30
45070791: posts the ante 30
def0248b: posts the ante 30
926a12f6: posts the ante 30
Hero: posts the ante 30
2ddfdd4f: posts the ante 30
4bc1a7e1: posts the ante 30
4bc1a7e1: posts small blind 100
def0248b: posts big blind 200
*** HOLE CARDS ***
Dealt to 926a12f6 
Dealt to Hero [As Ah]
Dealt to 4bc1a7e1 
Dealt to def0248b 
Dealt to 45070791 
Dealt to 8952e922 
Dealt to ad4170be 
Dealt to 2ddfdd4f 
45070791: folds
8952e922: raises 200 to 400
ad4170be: folds
2ddfdd4f: folds
926a12f6: folds
Hero: raises 443 to 843
4bc1a7e1: folds
def0248b: folds
8952e922: calls 443
*** FLOP *** [7h Th Qc]
8952e922: checks
Hero: checks
*** TURN *** [7h Th Qc] [9c]
8952e922: checks
Hero: bets 1,113
8952e922: folds
Uncalled bet (1,113) returned to Hero
*** SHOWDOWN ***
Hero collected 2,226 from pot
*** SUMMARY ***
Total pot 2,226 | Rake 0 | Jackpot 0 | Bingo 0 | Fortune 0 | Tax 0
Board [7h Th Qc 9c]
Seat 1: 926a12f6 folded before Flop
Seat 2: Hero (button) won (2,226)
Seat 3: 4bc1a7e1 (small blind) folded before Flop
Seat 4: def0248b (big blind) folded before Flop
Seat 5: 45070791 folded before Flop
Seat 6: 8952e922 folded on the Turn
Seat 7: ad4170be folded before Flop
Seat 8: 2ddfdd4f folded before Flop


Poker Hand #TM3518139774: Tournament #154555043, Bounty Hunters Big One $1.08 Hold'em No Limit - Level4(100/200) - 2024/07/25 12:15:35
Table '23' 8-max Seat #1 is the button
Seat 1: 926a12f6 (15,086 in chips)
Seat 2: Hero (24,606 in chips)
Seat 3: 4bc1a7e1 (10,000 in chips)
Seat 4: def0248b (9,880 in chips)
Seat 5: 45070791 (9,022 in chips)
Seat 6: 8952e922 (18,641 in chips)
Seat 7: ad4170be (10,276 in chips)
Seat 8: 2ddfdd4f (14,219 in chips)
ad4170be: posts the ante 30
8952e922: posts the ante 30
45070791: posts the ante 30
def0248b: posts the ante 30
926a12f6: posts the ante 30
2ddfdd4f: posts the ante 30
Hero: posts the ante 30
4bc1a7e1: posts the ante 30
Hero: posts small blind 100
4bc1a7e1: posts big blind 200
*** HOLE CARDS ***
Dealt to 926a12f6 
Dealt to Hero [Jh Kd]
Dealt to 4bc1a7e1 
Dealt to def0248b 
Dealt to 45070791 
Dealt to 8952e922 
Dealt to ad4170be 
Dealt to 2ddfdd4f 
def0248b: folds
45070791: folds
8952e922: folds
ad4170be: folds
2ddfdd4f: folds
926a12f6: raises 200 to 400
Hero: calls 300
4bc1a7e1: calls 200
*** FLOP *** [Ks Qh Ad]
Hero: checks
4bc1a7e1: checks
926a12f6: bets 560
Hero: calls 560
4bc1a7e1: calls 560
*** TURN *** [Ks Qh Ad] [Qs]
Hero: checks
4bc1a7e1: checks
926a12f6: bets 1,220
Hero: calls 1,220
4bc1a7e1: folds
*** RIVER *** [Ks Qh Ad Qs] [3d]
Hero: checks
926a12f6: checks
Hero: shows [Jh Kd] (Pair of Kings and Pair of Queens)
926a12f6: shows [2s Kc] (Pair of Kings and Pair of Queens)
*** SHOWDOWN ***
926a12f6 collected 2,780 from pot
Hero collected 2,780 from pot
*** SUMMARY ***
Total pot 5,560 | Rake 0 | Jackpot 0 | Bingo 0 | Fortune 0 | Tax 0
Board [Ks Qh Ad Qs 3d]
Seat 1: 926a12f6 (button) showed [2s Kc] and won (2,780) with Pair of Kings and Pair of Queens
Seat 2: Hero (small blind) showed [Jh Kd] and won (2,780) with Pair of Kings and Pair of Queens
Seat 3: 4bc1a7e1 (big blind) folded on the Turn
Seat 4: def0248b folded before Flop
Seat 5: 45070791 folded before Flop
Seat 6: 8952e922 folded before Flop
Seat 7: ad4170be folded before Flop
Seat 8: 2ddfdd4f folded before Flop


Poker Hand #TM3518139758: Tournament #154555043, Bounty Hunters Big One $1.08 Hold'em No Limit - Level4(100/200) - 2024/07/25 12:15:15
Table '23' 8-max Seat #8 is the button
Seat 1: 926a12f6 (15,216 in chips)
Seat 2: Hero (24,836 in chips)
Seat 4: def0248b (9,910 in chips)
Seat 5: 45070791 (9,052 in chips)
Seat 6: 8952e922 (18,161 in chips)
Seat 7: ad4170be (10,306 in chips)
Seat 8: 2ddfdd4f (14,249 in chips)
ad4170be: posts the ante 30
8952e922: posts the ante 30
45070791: posts the ante 30
def0248b: posts the ante 30
926a12f6: posts the ante 30
2ddfdd4f: posts the ante 30
Hero: posts the ante 30
926a12f6: posts small blind 100
Hero: posts big blind 200
*** HOLE CARDS ***
Dealt to 926a12f6 
Dealt to Hero [8c 2c]
Dealt to def0248b 
Dealt to 45070791 
Dealt to 8952e922 
Dealt to ad4170be 
Dealt to 2ddfdd4f 
def0248b: folds
45070791: folds
8952e922: raises 400 to 600
ad4170be: folds
2ddfdd4f: folds
926a12f6: folds
Hero: folds
Uncalled bet (400) returned to 8952e922
8952e922: shows [Kh Kd]
*** SHOWDOWN ***
8952e922 collected 710 from pot
*** SUMMARY ***
Total pot 710 | Rake 0 | Jackpot 0 | Bingo 0 | Fortune 0 | Tax 0
Seat 1: 926a12f6 (small blind) folded before Flop
Seat 2: Hero (big blind) folded before Flop
Seat 4: def0248b folded before Flop
Seat 5: 45070791 folded before Flop
Seat 6: 8952e922 showed [Kh Kd] and collected (710)
Seat 7: ad4170be folded before Flop
Seat 8: 2ddfdd4f (button) folded before Flop


Poker Hand #TM3518139735: Tournament #154555043, Bounty Hunters Big One $1.08 Hold'em No Limit - Level4(100/200) - 2024/07/25 12:14:17
Table '23' 8-max Seat #7 is the button
Seat 1: 926a12f6 (15,446 in chips)
Seat 2: Hero (24,866 in chips)
Seat 3: 985992ba (4,380 in chips)
Seat 4: def0248b (9,940 in chips)
Seat 5: 45070791 (9,082 in chips)
Seat 6: 8952e922 (13,301 in chips)
Seat 7: ad4170be (10,336 in chips)
Seat 8: 2ddfdd4f (14,379 in chips)
ad4170be: posts the ante 30
8952e922: posts the ante 30
45070791: posts the ante 30
def0248b: posts the ante 30
926a12f6: posts the ante 30
Hero: posts the ante 30
2ddfdd4f: posts the ante 30
985992ba: posts the ante 30
2ddfdd4f: posts small blind 100
926a12f6: posts big blind 200
*** HOLE CARDS ***
Dealt to 926a12f6 
Dealt to Hero [6h 2d]
Dealt to 985992ba 
Dealt to def0248b 
Dealt to 45070791 
Dealt to 8952e922 
Dealt to ad4170be 
Dealt to 2ddfdd4f 
Hero: folds
985992ba: raises 240 to 440
def0248b: folds
45070791: folds
8952e922: raises 1,220 to 1,660
ad4170be: folds
2ddfdd4f: folds
926a12f6: folds
985992ba: raises 2,690 to 4,350 and is all-in
8952e922: calls 2,690
985992ba: shows [Th Ad]
8952e922: shows [Ah Ac]
*** FLOP *** [2h 4h 6c]
*** TURN *** [2h 4h 6c] [8d]
*** RIVER *** [2h 4h 6c 8d] [Kh]
*** SHOWDOWN ***
8952e922 collected 9,240 from pot
*** SUMMARY ***
Total pot 9,240 | Rake 0 | Jackpot 0 | Bingo 0 | Fortune 0 | Tax 0
Board [2h 4h 6c 8d Kh]
Seat 1: 926a12f6 (big blind) folded before Flop
Seat 2: Hero folded before Flop
Seat 3: 985992ba showed [Th Ad] and lost with Ace-High
Seat 4: def0248b folded before Flop
Seat 5: 45070791 folded before Flop
Seat 6: 8952e922 showed [Ah Ac] and won (9,240) with Pair of Aces
Seat 7: ad4170be (button) folded before Flop
Seat 8: 2ddfdd4f (small blind) folded before Flop


Poker Hand #TM3518139710: Tournament #154555043, Bounty Hunters Big One $1.08 Hold'em No Limit - Level4(100/200) - 2024/07/25 12:13:27
Table '23' 8-max Seat #6 is the button
Seat 1: 926a12f6 (15,476 in chips)
Seat 2: Hero (24,896 in chips)
Seat 3: 985992ba (4,410 in chips)
Seat 4: def0248b (9,970 in chips)
Seat 5: 45070791 (9,112 in chips)
Seat 6: 8952e922 (13,161 in chips)
Seat 7: ad4170be (10,466 in chips)
Seat 8: 2ddfdd4f (14,239 in chips)
8952e922: posts the ante 30
45070791: posts the ante 30
def0248b: posts the ante 30
ad4170be: posts the ante 30
926a12f6: posts the ante 30
Hero: posts the ante 30
2ddfdd4f: posts the ante 30
985992ba: posts the ante 30
ad4170be: posts small blind 100
2ddfdd4f: posts big blind 200
*** HOLE CARDS ***
Dealt to 926a12f6 
Dealt to Hero [2s Qs]
Dealt to 985992ba 
Dealt to def0248b 
Dealt to 45070791 
Dealt to 8952e922 
Dealt to ad4170be 
Dealt to 2ddfdd4f 
926a12f6: folds
Hero: folds
985992ba: folds
def0248b: folds
45070791: folds
8952e922: raises 200 to 400
ad4170be: folds
2ddfdd4f: calls 200
*** FLOP *** [7h As 8s]
2ddfdd4f: checks
8952e922: bets 377
2ddfdd4f: calls 377
*** TURN *** [7h As 8s] [Kd]
2ddfdd4f: checks
8952e922: checks
*** RIVER *** [7h As 8s Kd] [7c]
2ddfdd4f: bets 626
8952e922: calls 626
2ddfdd4f: shows [Jc 8d] (Pair of Eights and Pair of Sevens)
8952e922: shows [8h 9s] (Pair of Eights and Pair of Sevens)
*** SHOWDOWN ***
8952e922 collected 1,573 from pot
2ddfdd4f collected 1,573 from pot
*** SUMMARY ***
Total pot 3,146 | Rake 0 | Jackpot 0 | Bingo 0 | Fortune 0 | Tax 0
Board [7h As 8s Kd 7c]
Seat 1: 926a12f6 folded before Flop
Seat 2: Hero folded before Flop
Seat 3: 985992ba folded before Flop
Seat 4: def0248b folded before Flop
Seat 5: 45070791 folded before Flop
Seat 6: 8952e922 (button) showed [8h 9s] and won (1,573) with Pair of Eights and Pair of Sevens
Seat 7: ad4170be (small blind) folded before Flop
Seat 8: 2ddfdd4f (big blind) showed [Jc 8d] and won (1,573) with Pair of Eights and Pair of Sevens


Poker Hand #TM3518139684: Tournament #154555043, Bounty Hunters Big One $1.08 Hold'em No Limit - Level4(100/200) - 2024/07/25 12:12:38
Table '23' 8-max Seat #5 is the button
Seat 1: 926a12f6 (15,506 in chips)
Seat 2: Hero (24,926 in chips)
Seat 3: 985992ba (4,440 in chips)
Seat 4: def0248b (10,000 in chips)
Seat 5: 45070791 (9,142 in chips)
Seat 6: 8952e922 (11,908 in chips)
Seat 7: ad4170be (10,696 in chips)
Seat 8: 2ddfdd4f (15,112 in chips)
45070791: posts the ante 30
def0248b: posts the ante 30
ad4170be: posts the ante 30
8952e922: posts the ante 30
926a12f6: posts the ante 30
Hero: posts the ante 30
2ddfdd4f: posts the ante 30
985992ba: posts the ante 30
8952e922: posts small blind 100
ad4170be: posts big blind 200
*** HOLE CARDS ***
Dealt to 926a12f6 
Dealt to Hero [2c 3h]
Dealt to 985992ba 
Dealt to def0248b 
Dealt to 45070791 
Dealt to 8952e922 
Dealt to ad4170be 
Dealt to 2ddfdd4f 
2ddfdd4f: raises 220 to 420
926a12f6: folds
Hero: folds
985992ba: folds
def0248b: folds
45070791: folds
8952e922: calls 320
ad4170be: folds
*** FLOP *** [7h Kc 3c]
8952e922: bets 423
2ddfdd4f: calls 423
*** TURN *** [7h Kc 3c] [Ks]
8952e922: checks
2ddfdd4f: checks
*** RIVER *** [7h Kc 3c Ks] [8d]
8952e922: bets 1,595
2ddfdd4f: folds
Uncalled bet (1,595) returned to 8952e922
8952e922: shows [Kh] (Three Kings)
2ddfdd4f: shows [Ad] (Pair of Kings)
def0248b: shows [Kd] (Three Kings)
*** SHOWDOWN ***
8952e922 collected 2,126 from pot
*** SUMMARY ***
Total pot 2,126 | Rake 0 | Jackpot 0 | Bingo 0 | Fortune 0 | Tax 0
Board [7h Kc 3c Ks 8d]
Seat 1: 926a12f6 folded before Flop
Seat 2: Hero folded before Flop
Seat 3: 985992ba folded before Flop
Seat 4: def0248b folded before Flop
Seat 5: 45070791 (button) folded before Flop
Seat 6: 8952e922 (small blind) showed [Kh] and won (2,126)
Seat 7: ad4170be (big blind) folded before Flop
Seat 8: 2ddfdd4f folded on the River


Poker Hand #TM3518139666: Tournament #154555043, Bounty Hunters Big One $1.08 Hold'em No Limit - Level4(100/200) - 2024/07/25 12:12:03
Table '23' 8-max Seat #3 is the button
Seat 1: 926a12f6 (15,536 in chips)
Seat 2: Hero (24,956 in chips)
Seat 3: 985992ba (4,470 in chips)
Seat 5: 45070791 (8,762 in chips)
Seat 6: 8952e922 (12,138 in chips)
Seat 7: ad4170be (10,726 in chips)
Seat 8: 2ddfdd4f (15,142 in chips)
ad4170be: posts the ante 30
8952e922: posts the ante 30
45070791: posts the ante 30
926a12f6: posts the ante 30
Hero: posts the ante 30
2ddfdd4f: posts the ante 30
985992ba: posts the ante 30
45070791: posts small blind 100
8952e922: posts big blind 200
*** HOLE CARDS ***
Dealt to 926a12f6 
Dealt to Hero [9s Kc]
Dealt to 985992ba 
Dealt to 45070791 
Dealt to 8952e922 
Dealt to ad4170be 
Dealt to 2ddfdd4f 
ad4170be: folds
2ddfdd4f: folds
926a12f6: folds
Hero: folds
985992ba: folds
45070791: calls 100
8952e922: checks
*** FLOP *** [3d 6c 2c]
45070791: checks
8952e922: checks
*** TURN *** [3d 6c 2c] [Kh]
45070791: bets 500
8952e922: folds
Uncalled bet (500) returned to 45070791
*** SHOWDOWN ***
45070791 collected 610 from pot
*** SUMMARY ***
Total pot 610 | Rake 0 | Jackpot 0 | Bingo 0 | Fortune 0 | Tax 0
Board [3d 6c 2c Kh]
Seat 1: 926a12f6 folded before Flop
Seat 2: Hero folded before Flop
Seat 3: 985992ba (button) folded before Flop
Seat 5: 45070791 (small blind) won (610)
Seat 6: 8952e922 (big blind) folded on the Turn
Seat 7: ad4170be folded before Flop
Seat 8: 2ddfdd4f folded before Flop


Poker Hand #TM3518139646: Tournament #154555043, Bounty Hunters Big One $1.08 Hold'em No Limit - Level4(100/200) - 2024/07/25 12:11:31
Table '23' 8-max Seat #2 is the button
Seat 1: 926a12f6 (15,966 in chips)
Seat 2: Hero (24,986 in chips)
Seat 3: 985992ba (3,690 in chips)
Seat 5: 45070791 (8,992 in chips)
Seat 6: 8952e922 (12,168 in chips)
Seat 7: ad4170be (10,756 in chips)
Seat 8: 2ddfdd4f (15,172 in chips)
ad4170be: posts the ante 30
8952e922: posts the ante 30
45070791: posts the ante 30
926a12f6: posts the ante 30
Hero: posts the ante 30
2ddfdd4f: posts the ante 30
985992ba: posts the ante 30
985992ba: posts small blind 100
45070791: posts big blind 200
*** HOLE CARDS ***
Dealt to 926a12f6 
Dealt to Hero [Td 2s]
Dealt to 985992ba 
Dealt to 45070791 
Dealt to 8952e922 
Dealt to ad4170be 
Dealt to 2ddfdd4f 
8952e922: folds
ad4170be: folds
2ddfdd4f: folds
926a12f6: raises 200 to 400
Hero: folds
985992ba: raises 3,260 to 3,660 and is all-in
45070791: folds
926a12f6: folds
Uncalled bet (3,260) returned to 985992ba
*** SHOWDOWN ***
985992ba collected 1,210 from pot
*** SUMMARY ***
Total pot 1,210 | Rake 0 | Jackpot 0 | Bingo 0 | Fortune 0 | Tax 0
Seat 1: 926a12f6 folded before Flop
Seat 2: Hero (button) folded before Flop
Seat 3: 985992ba (small blind) collected (1,210)
Seat 5: 45070791 (big blind) folded before Flop
Seat 6: 8952e922 folded before Flop
Seat 7: ad4170be folded before Flop
Seat 8: 2ddfdd4f folded before Flop


Poker Hand #TM3518139629: Tournament #154555043, Bounty Hunters Big One $1.08 Hold'em No Limit - Level4(100/200) - 2024/07/25 12:10:54
Table '23' 8-max Seat #1 is the button
Seat 1: 926a12f6 (15,996 in chips)
Seat 2: Hero (25,116 in chips)
Seat 3: 985992ba (3,380 in chips)
Seat 4: 735ba18c (7,967 in chips)
Seat 5: 45070791 (9,022 in chips)
Seat 6: 8952e922 (12,198 in chips)
Seat 7: ad4170be (10,786 in chips)
Seat 8: 2ddfdd4f (15,202 in chips)
ad4170be: posts the ante 30
8952e922: posts the ante 30
45070791: posts the ante 30
735ba18c: posts the ante 30
926a12f6: posts the ante 30
2ddfdd4f: posts the ante 30
Hero: posts the ante 30
985992ba: posts the ante 30
Hero: posts small blind 100
985992ba: posts big blind 200
*** HOLE CARDS ***
Dealt to 926a12f6 
Dealt to Hero [3d 2c]
Dealt to 985992ba 
Dealt to 735ba18c 
Dealt to 45070791 
Dealt to 8952e922 
Dealt to ad4170be 
Dealt to 2ddfdd4f 
735ba18c: folds
45070791: folds
8952e922: folds
ad4170be: folds
2ddfdd4f: folds
926a12f6: folds
Hero: folds
Uncalled bet (100) returned to 985992ba
*** SHOWDOWN ***
985992ba collected 440 from pot
*** SUMMARY ***
Total pot 440 | Rake 0 | Jackpot 0 | Bingo 0 | Fortune 0 | Tax 0
Seat 1: 926a12f6 (button) folded before Flop
Seat 2: Hero (small blind) folded before Flop
Seat 3: 985992ba (big blind) collected (440)
Seat 4: 735ba18c folded before Flop
Seat 5: 45070791 folded before Flop
Seat 6: 8952e922 folded before Flop
Seat 7: ad4170be folded before Flop
Seat 8: 2ddfdd4f folded before Flop


Poker Hand #TM3518139608: Tournament #154555043, Bounty Hunters Big One $1.08 Hold'em No Limit - Level4(100/200) - 2024/07/25 12:10:08
Table '23' 8-max Seat #8 is the button
Seat 1: 926a12f6 (16,126 in chips)
Seat 2: Hero (25,586 in chips)
Seat 3: 985992ba (3,850 in chips)
Seat 4: 735ba18c (7,997 in chips)
Seat 5: 45070791 (9,052 in chips)
Seat 6: 8952e922 (12,228 in chips)
Seat 7: ad4170be (10,816 in chips)
Seat 8: 2ddfdd4f (14,012 in chips)
ad4170be: posts the ante 30
8952e922: posts the ante 30
45070791: posts the ante 30
735ba18c: posts the ante 30
926a12f6: posts the ante 30
2ddfdd4f: posts the ante 30
Hero: posts the ante 30
985992ba: posts the ante 30
926a12f6: posts small blind 100
Hero: posts big blind 200
*** HOLE CARDS ***
Dealt to 926a12f6 
Dealt to Hero [4s Kc]
Dealt to 985992ba 
Dealt to 735ba18c 
Dealt to 45070791 
Dealt to 8952e922 
Dealt to ad4170be 
Dealt to 2ddfdd4f 
985992ba: raises 240 to 440
735ba18c: folds
45070791: folds
8952e922: folds
ad4170be: folds
2ddfdd4f: calls 440
926a12f6: folds
Hero: calls 240
*** FLOP *** [Ah 8c 6h]
Hero: checks
985992ba: checks
2ddfdd4f: bets 1,245
Hero: folds
985992ba: folds
Uncalled bet (1,245) returned to 2ddfdd4f
*** SHOWDOWN ***
2ddfdd4f collected 1,660 from pot
*** SUMMARY ***
Total pot 1,660 | Rake 0 | Jackpot 0 | Bingo 0 | Fortune 0 | Tax 0
Board [Ah 8c 6h]
Seat 1: 926a12f6 (small blind) folded before Flop
Seat 2: Hero (big blind) folded on the Flop
Seat 3: 985992ba folded on the Flop
Seat 4: 735ba18c folded before Flop
Seat 5: 45070791 folded before Flop
Seat 6: 8952e922 folded before Flop
Seat 7: ad4170be folded before Flop
Seat 8: 2ddfdd4f (button) won (1,660)


Poker Hand #TM3518139583: Tournament #154555043, Bounty Hunters Big One $1.08 Hold'em No Limit - Level4(100/200) - 2024/07/25 12:09:20
Table '23' 8-max Seat #7 is the button
Seat 1: 926a12f6 (16,356 in chips)
Seat 2: Hero (25,616 in chips)
Seat 3: 985992ba (3,880 in chips)
Seat 4: 735ba18c (8,027 in chips)
Seat 5: 45070791 (9,082 in chips)
Seat 6: 8952e922 (11,418 in chips)
Seat 7: ad4170be (10,846 in chips)
Seat 8: 2ddfdd4f (14,442 in chips)
ad4170be: posts the ante 30
8952e922: posts the ante 30
45070791: posts the ante 30
735ba18c: posts the ante 30
926a12f6: posts the ante 30
Hero: posts the ante 30
2ddfdd4f: posts the ante 30
985992ba: posts the ante 30
2ddfdd4f: posts small blind 100
926a12f6: posts big blind 200
*** HOLE CARDS ***
Dealt to 926a12f6 
Dealt to Hero [2h Th]
Dealt to 985992ba 
Dealt to 735ba18c 
Dealt to 45070791 
Dealt to 8952e922 
Dealt to ad4170be 
Dealt to 2ddfdd4f 
Hero: folds
985992ba: folds
735ba18c: folds
45070791: folds
8952e922: raises 200 to 400
ad4170be: folds
2ddfdd4f: calls 300
926a12f6: folds
*** FLOP *** [6s Tc 3h]
2ddfdd4f: checks
8952e922: bets 410
2ddfdd4f: folds
Uncalled bet (410) returned to 8952e922
8952e922: shows [Td]
*** SHOWDOWN ***
8952e922 collected 1,240 from pot
*** SUMMARY ***
Total pot 1,240 | Rake 0 | Jackpot 0 | Bingo 0 | Fortune 0 | Tax 0
Board [6s Tc 3h]
Seat 1: 926a12f6 (big blind) folded before Flop
Seat 2: Hero folded before Flop
Seat 3: 985992ba folded before Flop
Seat 4: 735ba18c folded before Flop
Seat 5: 45070791 folded before Flop
Seat 6: 8952e922 showed [Td] and won (1,240)
Seat 7: ad4170be (button) folded before Flop
Seat 8: 2ddfdd4f (small blind) folded on the Flop


Poker Hand #TM3518139567: Tournament #154555043, Bounty Hunters Big One $1.08 Hold'em No Limit - Level4(100/200) - 2024/07/25 12:08:40
Table '23' 8-max Seat #6 is the button
Seat 1: 926a12f6 (16,386 in chips)
Seat 2: Hero (25,646 in chips)
Seat 3: 985992ba (3,370 in chips)
Seat 4: 735ba18c (8,057 in chips)
Seat 5: 45070791 (9,112 in chips)
Seat 6: 8952e922 (11,448 in chips)
Seat 7: ad4170be (10,976 in chips)
Seat 8: 2ddfdd4f (14,672 in chips)
8952e922: posts the ante 30
45070791: posts the ante 30
ad4170be: posts the ante 30
735ba18c: posts the ante 30
926a12f6: posts the ante 30
Hero: posts the ante 30
2ddfdd4f: posts the ante 30
985992ba: posts the ante 30
ad4170be: posts small blind 100
2ddfdd4f: posts big blind 200
*** HOLE CARDS ***
Dealt to 926a12f6 
Dealt to Hero [7d 4c]
Dealt to 985992ba 
Dealt to 735ba18c 
Dealt to 45070791 
Dealt to 8952e922 
Dealt to ad4170be 
Dealt to 2ddfdd4f 
926a12f6: folds
Hero: folds
985992ba: raises 3,140 to 3,340 and is all-in
735ba18c: folds
45070791: folds
8952e922: folds
ad4170be: folds
2ddfdd4f: folds
Uncalled bet (3,140) returned to 985992ba
*** SHOWDOWN ***
985992ba collected 740 from pot
*** SUMMARY ***
Total pot 740 | Rake 0 | Jackpot 0 | Bingo 0 | Fortune 0 | Tax 0
Seat 1: 926a12f6 folded before Flop
Seat 2: Hero folded before Flop
Seat 3: 985992ba collected (740)
Seat 4: 735ba18c folded before Flop
Seat 5: 45070791 folded before Flop
Seat 6: 8952e922 (button) folded before Flop
Seat 7: ad4170be (small blind) folded before Flop
Seat 8: 2ddfdd4f (big blind) folded before Flop


Poker Hand #TM3518139549: Tournament #154555043, Bounty Hunters Big One $1.08 Hold'em No Limit - Level4(100/200) - 2024/07/25 12:08:11
Table '23' 8-max Seat #5 is the button
Seat 1: 926a12f6 (16,416 in chips)
Seat 2: Hero (25,136 in chips)
Seat 3: 985992ba (3,400 in chips)
Seat 4: 735ba18c (8,087 in chips)
Seat 5: 45070791 (9,142 in chips)
Seat 6: 8952e922 (11,578 in chips)
Seat 7: ad4170be (11,206 in chips)
Seat 8: 2ddfdd4f (14,702 in chips)
45070791: posts the ante 30
ad4170be: posts the ante 30
8952e922: posts the ante 30
735ba18c: posts the ante 30
926a12f6: posts the ante 30
Hero: posts the ante 30
2ddfdd4f: posts the ante 30
985992ba: posts the ante 30
8952e922: posts small blind 100
ad4170be: posts big blind 200
*** HOLE CARDS ***
Dealt to 926a12f6 
Dealt to Hero [Ac Jc]
Dealt to 985992ba 
Dealt to 735ba18c 
Dealt to 45070791 
Dealt to 8952e922 
Dealt to ad4170be 
Dealt to 2ddfdd4f 
2ddfdd4f: folds
926a12f6: folds
Hero: raises 300 to 500
985992ba: folds
735ba18c: folds
45070791: folds
8952e922: folds
ad4170be: folds
Uncalled bet (300) returned to Hero
Hero: shows [Ac Jc]
*** SHOWDOWN ***
Hero collected 740 from pot
*** SUMMARY ***
Total pot 740 | Rake 0 | Jackpot 0 | Bingo 0 | Fortune 0 | Tax 0
Seat 1: 926a12f6 folded before Flop
Seat 2: Hero showed [Ac Jc] and collected (740)
Seat 3: 985992ba folded before Flop
Seat 4: 735ba18c folded before Flop
Seat 5: 45070791 (button) folded before Flop
Seat 6: 8952e922 (small blind) folded before Flop
Seat 7: ad4170be (big blind) folded before Flop
Seat 8: 2ddfdd4f folded before Flop


Poker Hand #TM3518139518: Tournament #154555043, Bounty Hunters Big One $1.08 Hold'em No Limit - Level3(80/160) - 2024/07/25 12:07:18
Table '23' 8-max Seat #4 is the button
Seat 1: 926a12f6 (16,440 in chips)
Seat 2: Hero (26,538 in chips)
Seat 3: 985992ba (3,424 in chips)
Seat 4: 735ba18c (8,111 in chips)
Seat 5: 45070791 (9,246 in chips)
Seat 6: 8952e922 (9,952 in chips)
Seat 7: ad4170be (11,230 in chips)
Seat 8: 2ddfdd4f (14,726 in chips)
ad4170be: posts the ante 24
8952e922: posts the ante 24
45070791: posts the ante 24
735ba18c: posts the ante 24
926a12f6: posts the ante 24
Hero: posts the ante 24
2ddfdd4f: posts the ante 24
985992ba: posts the ante 24
45070791: posts small blind 80
8952e922: posts big blind 160
*** HOLE CARDS ***
Dealt to 926a12f6 
Dealt to Hero [7d Kd]
Dealt to 985992ba 
Dealt to 735ba18c 
Dealt to 45070791 
Dealt to 8952e922 
Dealt to ad4170be 
Dealt to 2ddfdd4f 
ad4170be: folds
2ddfdd4f: folds
926a12f6: folds
Hero: raises 160 to 320
985992ba: folds
735ba18c: folds
45070791: folds
8952e922: calls 160
*** FLOP *** [7h 4h 8d]
8952e922: bets 301
Hero: raises 757 to 1,058
8952e922: calls 757
*** TURN *** [7h 4h 8d] [Qh]
8952e922: bets 1,514
Hero: folds
Uncalled bet (1,514) returned to 8952e922
*** SHOWDOWN ***
8952e922 collected 3,028 from pot
*** SUMMARY ***
Total pot 3,028 | Rake 0 | Jackpot 0 | Bingo 0 | Fortune 0 | Tax 0
Board [7h 4h 8d Qh]
Seat 1: 926a12f6 folded before Flop
Seat 2: Hero folded on the Turn
Seat 3: 985992ba folded before Flop
Seat 4: 735ba18c (button) folded before Flop
Seat 5: 45070791 (small blind) folded before Flop
Seat 6: 8952e922 (big blind) won (3,028)
Seat 7: ad4170be folded before Flop
Seat 8: 2ddfdd4f folded before Flop


Poker Hand #TM3518139509: Tournament #154555043, Bounty Hunters Big One $1.08 Hold'em No Limit - Level3(80/160) - 2024/07/25 12:07:02
Table '23' 8-max Seat #3 is the button
Seat 1: 926a12f6 (16,464 in chips)
Seat 2: Hero (26,562 in chips)
Seat 3: 985992ba (3,448 in chips)
Seat 4: 735ba18c (8,215 in chips)
Seat 5: 45070791 (8,998 in chips)
Seat 6: 8952e922 (9,976 in chips)
Seat 7: ad4170be (11,254 in chips)
Seat 8: 2ddfdd4f (14,750 in chips)
ad4170be: posts the ante 24
8952e922: posts the ante 24
45070791: posts the ante 24
735ba18c: posts the ante 24
926a12f6: posts the ante 24
Hero: posts the ante 24
2ddfdd4f: posts the ante 24
985992ba: posts the ante 24
735ba18c: posts small blind 80
45070791: posts big blind 160
*** HOLE CARDS ***
Dealt to 926a12f6 
Dealt to Hero [Qs 2c]
Dealt to 985992ba 
Dealt to 735ba18c 
Dealt to 45070791 
Dealt to 8952e922 
Dealt to ad4170be 
Dealt to 2ddfdd4f 
8952e922: folds
ad4170be: folds
2ddfdd4f: folds
926a12f6: folds
Hero: folds
985992ba: folds
735ba18c: folds
Uncalled bet (80) returned to 45070791
*** SHOWDOWN ***
45070791 collected 352 from pot
*** SUMMARY ***
Total pot 352 | Rake 0 | Jackpot 0 | Bingo 0 | Fortune 0 | Tax 0
Seat 1: 926a12f6 folded before Flop
Seat 2: Hero folded before Flop
Seat 3: 985992ba (button) folded before Flop
Seat 4: 735ba18c (small blind) folded before Flop
Seat 5: 45070791 (big blind) collected (352)
Seat 6: 8952e922 folded before Flop
Seat 7: ad4170be folded before Flop
Seat 8: 2ddfdd4f folded before Flop


Poker Hand #TM3518139472: Tournament #154555043, Bounty Hunters Big One $1.08 Hold'em No Limit - Level3(80/160) - 2024/07/25 12:05:57
Table '23' 8-max Seat #2 is the button
Seat 1: 926a12f6 (14,776 in chips)
Seat 2: Hero (26,586 in chips)
Seat 3: 985992ba (3,552 in chips)
Seat 4: 735ba18c (8,399 in chips)
Seat 5: 45070791 (9,022 in chips)
Seat 6: 8952e922 (10,000 in chips)
Seat 7: ad4170be (12,558 in chips)
Seat 8: 2ddfdd4f (14,774 in chips)
ad4170be: posts the ante 24
8952e922: posts the ante 24
45070791: posts the ante 24
735ba18c: posts the ante 24
926a12f6: posts the ante 24
Hero: posts the ante 24
2ddfdd4f: posts the ante 24
985992ba: posts the ante 24
985992ba: posts small blind 80
735ba18c: posts big blind 160
*** HOLE CARDS ***
Dealt to 926a12f6 
Dealt to Hero [Ac 7c]
Dealt to 985992ba 
Dealt to 735ba18c 
Dealt to 45070791 
Dealt to 8952e922 
Dealt to ad4170be 
Dealt to 2ddfdd4f 
45070791: folds
8952e922: folds
ad4170be: raises 160 to 320
2ddfdd4f: folds
926a12f6: raises 960 to 1,280
Hero: folds
985992ba: folds
735ba18c: folds
ad4170be: calls 960
*** FLOP *** [7h 8h Kd]
ad4170be: checks
926a12f6: bets 832
ad4170be: folds
Uncalled bet (832) returned to 926a12f6
*** SHOWDOWN ***
926a12f6 collected 2,992 from pot
*** SUMMARY ***
Total pot 2,992 | Rake 0 | Jackpot 0 | Bingo 0 | Fortune 0 | Tax 0
Board [7h 8h Kd]
Seat 1: 926a12f6 won (2,992)
Seat 2: Hero (button) folded before Flop
Seat 3: 985992ba (small blind) folded before Flop
Seat 4: 735ba18c (big blind) folded before Flop
Seat 5: 45070791 folded before Flop
Seat 6: 8952e922 folded before Flop
Seat 7: ad4170be folded on the Flop
Seat 8: 2ddfdd4f folded before Flop


Poker Hand #TM3518139428: Tournament #154555043, Bounty Hunters Big One $1.08 Hold'em No Limit - Level3(80/160) - 2024/07/25 12:04:20
Table '23' 8-max Seat #1 is the button
Seat 1: 926a12f6 (6,808 in chips)
Seat 2: Hero (26,690 in chips)
Seat 3: 985992ba (10,360 in chips)
Seat 4: 735ba18c (8,743 in chips)
Seat 5: 45070791 (9,046 in chips)
Seat 7: ad4170be (12,902 in chips)
Seat 8: 2ddfdd4f (15,118 in chips)
ad4170be: posts the ante 24
45070791: posts the ante 24
735ba18c: posts the ante 24
926a12f6: posts the ante 24
2ddfdd4f: posts the ante 24
Hero: posts the ante 24
985992ba: posts the ante 24
Hero: posts small blind 80
985992ba: posts big blind 160
*** HOLE CARDS ***
Dealt to 926a12f6 
Dealt to Hero [As 5s]
Dealt to 985992ba 
Dealt to 735ba18c 
Dealt to 45070791 
Dealt to ad4170be 
Dealt to 2ddfdd4f 
735ba18c: raises 160 to 320
45070791: folds
ad4170be: calls 320
2ddfdd4f: calls 320
926a12f6: raises 896 to 1,216
Hero: folds
985992ba: raises 2,384 to 3,600
735ba18c: folds
ad4170be: folds
2ddfdd4f: folds
926a12f6: raises 3,184 to 6,784 and is all-in
985992ba: calls 3,184
926a12f6: shows [Ah Ac]
985992ba: shows [Kc Kh]
*** FLOP *** [Jc Jd 8h]
*** TURN *** [Jc Jd 8h] [3s]
*** RIVER *** [Jc Jd 8h 3s] [5h]
Hero: shows [As] (Pair of Jacks)
ad4170be: shows [Ts Td] (Pair of Jacks and Pair of Tens)
*** SHOWDOWN ***
926a12f6 collected 14,776 from pot
*** SUMMARY ***
Total pot 14,776 | Rake 0 | Jackpot 0 | Bingo 0 | Fortune 0 | Tax 0
Board [Jc Jd 8h 3s 5h]
Seat 1: 926a12f6 (button) showed [Ah Ac] and won (14,776) with Pair of Aces and Pair of Jacks
Seat 2: Hero (small blind) folded before Flop
Seat 3: 985992ba (big blind) showed [Kc Kh] and lost with Pair of Kings and Pair of Jacks
Seat 4: 735ba18c folded before Flop
Seat 5: 45070791 folded before Flop
Seat 7: ad4170be folded before Flop
Seat 8: 2ddfdd4f folded before Flop


Poker Hand #TM3518139406: Tournament #154555043, Bounty Hunters Big One $1.08 Hold'em No Limit - Level3(80/160) - 2024/07/25 12:03:40
Table '23' 8-max Seat #8 is the button
Seat 1: 926a12f6 (6,912 in chips)
Seat 2: Hero (26,874 in chips)
Seat 3: 985992ba (9,976 in chips)
Seat 4: 735ba18c (8,767 in chips)
Seat 5: 45070791 (9,070 in chips)
Seat 7: ad4170be (12,926 in chips)
Seat 8: 2ddfdd4f (15,142 in chips)
ad4170be: posts the ante 24
45070791: posts the ante 24
735ba18c: posts the ante 24
926a12f6: posts the ante 24
2ddfdd4f: posts the ante 24
Hero: posts the ante 24
985992ba: posts the ante 24
926a12f6: posts small blind 80
Hero: posts big blind 160
*** HOLE CARDS ***
Dealt to 926a12f6 
Dealt to Hero [4h As]
Dealt to 985992ba 
Dealt to 735ba18c 
Dealt to 45070791 
Dealt to ad4170be 
Dealt to 2ddfdd4f 
985992ba: raises 192 to 352
735ba18c: folds
45070791: folds
ad4170be: folds
2ddfdd4f: folds
926a12f6: folds
Hero: folds
Uncalled bet (192) returned to 985992ba
*** SHOWDOWN ***
985992ba collected 568 from pot
*** SUMMARY ***
Total pot 568 | Rake 0 | Jackpot 0 | Bingo 0 | Fortune 0 | Tax 0
Seat 1: 926a12f6 (small blind) folded before Flop
Seat 2: Hero (big blind) folded before Flop
Seat 3: 985992ba collected (568)
Seat 4: 735ba18c folded before Flop
Seat 5: 45070791 folded before Flop
Seat 7: ad4170be folded before Flop
Seat 8: 2ddfdd4f (button) folded before Flop


Poker Hand #TM3518139384: Tournament #154555043, Bounty Hunters Big One $1.08 Hold'em No Limit - Level3(80/160) - 2024/07/25 12:02:58
Table '23' 8-max Seat #7 is the button
Seat 1: 926a12f6 (7,096 in chips)
Seat 2: Hero (26,898 in chips)
Seat 3: 985992ba (10,000 in chips)
Seat 4: 735ba18c (8,791 in chips)
Seat 5: 45070791 (9,094 in chips)
Seat 6: 957b37b (13,193 in chips)
Seat 7: ad4170be (13,270 in chips)
Seat 8: 2ddfdd4f (15,246 in chips)
ad4170be: posts the ante 24
45070791: posts the ante 24
735ba18c: posts the ante 24
957b37b: posts the ante 24
926a12f6: posts the ante 24
Hero: posts the ante 24
2ddfdd4f: posts the ante 24
985992ba: posts the ante 24
2ddfdd4f: posts small blind 80
926a12f6: posts big blind 160
*** HOLE CARDS ***
Dealt to 926a12f6 
Dealt to Hero [3d Ts]
Dealt to 985992ba 
Dealt to 735ba18c 
Dealt to 45070791 
Dealt to 957b37b 
Dealt to ad4170be 
Dealt to 2ddfdd4f 
Hero: folds
985992ba: folds
735ba18c: folds
45070791: folds
957b37b: raises 160 to 320
ad4170be: calls 320
2ddfdd4f: folds
926a12f6: folds
*** FLOP *** [Ad 8d Qc]
957b37b: bets 804
ad4170be: folds
Uncalled bet (804) returned to 957b37b
*** SHOWDOWN ***
957b37b collected 1,072 from pot
*** SUMMARY ***
Total pot 1,072 | Rake 0 | Jackpot 0 | Bingo 0 | Fortune 0 | Tax 0
Board [Ad 8d Qc]
Seat 1: 926a12f6 (big blind) folded before Flop
Seat 2: Hero folded before Flop
Seat 3: 985992ba folded before Flop
Seat 4: 735ba18c folded before Flop
Seat 5: 45070791 folded before Flop
Seat 6: 957b37b won (1,072)
Seat 7: ad4170be (button) folded on the Flop
Seat 8: 2ddfdd4f (small blind) folded before Flop


Poker Hand #TM3518139265: Tournament #154555043, Bounty Hunters Big One $1.08 Hold'em No Limit - Level3(80/160) - 2024/07/25 11:54:32
Table '23' 8-max Seat #6 is the button
Seat 1: 926a12f6 (7,856 in chips)
Seat 2: Hero (29,977 in chips)
Seat 3: 2cca1dad (16,641 in chips)
Seat 4: 735ba18c (8,815 in chips)
Seat 5: 45070791 (9,118 in chips)
Seat 6: 957b37b (8,994 in chips)
Seat 7: ad4170be (13,374 in chips)
Seat 8: 2ddfdd4f (15,430 in chips)
45070791: posts the ante 24
ad4170be: posts the ante 24
735ba18c: posts the ante 24
957b37b: posts the ante 24
2cca1dad: posts the ante 24
926a12f6: posts the ante 24
Hero: posts the ante 24
2ddfdd4f: posts the ante 24
ad4170be: posts small blind 80
2ddfdd4f: posts big blind 160
*** HOLE CARDS ***
Dealt to 926a12f6 
Dealt to Hero [2c 2h]
Dealt to 2cca1dad 
Dealt to 735ba18c 
Dealt to 45070791 
Dealt to 957b37b 
Dealt to ad4170be 
Dealt to 2ddfdd4f 
926a12f6: raises 160 to 320
Hero: calls 320
2cca1dad: folds
735ba18c: folds
45070791: folds
957b37b: calls 320
ad4170be: folds
2ddfdd4f: folds
*** FLOP *** [3h Ah 3s]
926a12f6: bets 416
Hero: calls 416
957b37b: calls 416
*** TURN *** [3h Ah 3s] [3c]
926a12f6: checks
Hero: bets 872
957b37b: calls 872
926a12f6: folds
*** RIVER *** [3h Ah 3s 3c] [Jc]
Hero: checks
957b37b: bets 1,447
Hero: calls 1,447
957b37b: shows [As 6c] (Treys Full over Aces)
Hero: shows [2c 2h] (Treys Full over Twos)
*** SHOWDOWN ***
957b37b collected 7,278 from pot
*** SUMMARY ***
Total pot 7,278 | Rake 0 | Jackpot 0 | Bingo 0 | Fortune 0 | Tax 0
Board [3h Ah 3s 3c Jc]
Seat 1: 926a12f6 folded on the Turn
Seat 2: Hero showed [2c 2h] and lost with Treys Full over Twos
Seat 3: 2cca1dad folded before Flop
Seat 4: 735ba18c folded before Flop
Seat 5: 45070791 folded before Flop
Seat 6: 957b37b (button) showed [As 6c] and won (7,278) with Treys Full over Aces
Seat 7: ad4170be (small blind) folded before Flop
Seat 8: 2ddfdd4f (big blind) folded before Flop


Poker Hand #TM3518139224: Tournament #154555043, Bounty Hunters Big One $1.08 Hold'em No Limit - Level3(80/160) - 2024/07/25 11:53:20
Table '23' 8-max Seat #5 is the button
Seat 1: 926a12f6 (7,880 in chips)
Seat 2: Hero (30,760 in chips)
Seat 3: 2cca1dad (16,665 in chips)
Seat 4: 735ba18c (8,839 in chips)
Seat 5: 45070791 (9,142 in chips)
Seat 6: 957b37b (9,098 in chips)
Seat 7: ad4170be (16,069 in chips)
Seat 8: 2ddfdd4f (11,752 in chips)
45070791: posts the ante 24
ad4170be: posts the ante 24
735ba18c: posts the ante 24
957b37b: posts the ante 24
2cca1dad: posts the ante 24
926a12f6: posts the ante 24
Hero: posts the ante 24
2ddfdd4f: posts the ante 24
957b37b: posts small blind 80
ad4170be: posts big blind 160
*** HOLE CARDS ***
Dealt to 926a12f6 
Dealt to Hero [Tc 8h]
Dealt to 2cca1dad 
Dealt to 735ba18c 
Dealt to 45070791 
Dealt to 957b37b 
Dealt to ad4170be 
Dealt to 2ddfdd4f 
2ddfdd4f: raises 176 to 336
926a12f6: folds
Hero: calls 336
2cca1dad: folds
735ba18c: folds
45070791: folds
957b37b: folds
ad4170be: calls 176
*** FLOP *** [5c Kc Jc]
ad4170be: checks
2ddfdd4f: bets 423
Hero: calls 423
ad4170be: calls 423
*** TURN *** [5c Kc Jc] [7h]
ad4170be: checks
2ddfdd4f: checks
Hero: checks
*** RIVER *** [5c Kc Jc 7h] [7s]
ad4170be: bets 1,912
2ddfdd4f: calls 1,912
Hero: folds
ad4170be: shows [2c Qh] (Pair of Sevens)
2ddfdd4f: shows [Ks 8d] (Pair of Kings and Pair of Sevens)
*** SHOWDOWN ***
2ddfdd4f collected 6,373 from pot
*** SUMMARY ***
Total pot 6,373 | Rake 0 | Jackpot 0 | Bingo 0 | Fortune 0 | Tax 0
Board [5c Kc Jc 7h 7s]
Seat 1: 926a12f6 folded before Flop
Seat 2: Hero folded on the River
Seat 3: 2cca1dad folded before Flop
Seat 4: 735ba18c folded before Flop
Seat 5: 45070791 (button) folded before Flop
Seat 6: 957b37b (small blind) folded before Flop
Seat 7: ad4170be (big blind) showed [2c Qh] and lost with Pair of Sevens
Seat 8: 2ddfdd4f showed [Ks 8d] and won (6,373) with Pair of Kings and Pair of Sevens


Poker Hand #TM3518139193: Tournament #154555043, Bounty Hunters Big One $1.08 Hold'em No Limit - Level3(80/160) - 2024/07/25 11:52:19
Table '23' 8-max Seat #4 is the button
Seat 1: 926a12f6 (7,904 in chips)
Seat 2: Hero (30,784 in chips)
Seat 3: 2cca1dad (17,810 in chips)
Seat 4: 735ba18c (8,863 in chips)
Seat 5: 45070791 (9,246 in chips)
Seat 6: 957b37b (7,729 in chips)
Seat 7: ad4170be (16,093 in chips)
Seat 8: 2ddfdd4f (11,776 in chips)
ad4170be: posts the ante 24
45070791: posts the ante 24
735ba18c: posts the ante 24
957b37b: posts the ante 24
2cca1dad: posts the ante 24
926a12f6: posts the ante 24
Hero: posts the ante 24
2ddfdd4f: posts the ante 24
45070791: posts small blind 80
957b37b: posts big blind 160
*** HOLE CARDS ***
Dealt to 926a12f6 
Dealt to Hero [2s 9c]
Dealt to 2cca1dad 
Dealt to 735ba18c 
Dealt to 45070791 
Dealt to 957b37b 
Dealt to ad4170be 
Dealt to 2ddfdd4f 
ad4170be: folds
2ddfdd4f: folds
926a12f6: folds
Hero: folds
2cca1dad: raises 160 to 320
735ba18c: folds
45070791: folds
957b37b: calls 160
*** FLOP *** [Th 9s 5c]
957b37b: bets 301
2cca1dad: calls 301
*** TURN *** [Th 9s 5c] [Tc]
957b37b: bets 500
2cca1dad: calls 500
*** RIVER *** [Th 9s 5c Tc] [Ah]
957b37b: bets 830
2cca1dad: folds
Uncalled bet (830) returned to 957b37b
*** SHOWDOWN ***
957b37b collected 2,514 from pot
*** SUMMARY ***
Total pot 2,514 | Rake 0 | Jackpot 0 | Bingo 0 | Fortune 0 | Tax 0
Board [Th 9s 5c Tc Ah]
Seat 1: 926a12f6 folded before Flop
Seat 2: Hero folded before Flop
Seat 3: 2cca1dad folded on the River
Seat 4: 735ba18c (button) folded before Flop
Seat 5: 45070791 (small blind) folded before Flop
Seat 6: 957b37b (big blind) won (2,514)
Seat 7: ad4170be folded before Flop
Seat 8: 2ddfdd4f folded before Flop


Poker Hand #TM3518139168: Tournament #154555043, Bounty Hunters Big One $1.08 Hold'em No Limit - Level3(80/160) - 2024/07/25 11:51:35
Table '23' 8-max Seat #3 is the button
Seat 1: 926a12f6 (8,248 in chips)
Seat 2: Hero (31,128 in chips)
Seat 3: 2cca1dad (17,834 in chips)
Seat 4: 735ba18c (8,967 in chips)
Seat 5: 45070791 (9,430 in chips)
Seat 6: 957b37b (7,753 in chips)
Seat 7: ad4170be (16,117 in chips)
Seat 8: 2ddfdd4f (10,728 in chips)
ad4170be: posts the ante 24
45070791: posts the ante 24
735ba18c: posts the ante 24
957b37b: posts the ante 24
2cca1dad: posts the ante 24
926a12f6: posts the ante 24
Hero: posts the ante 24
2ddfdd4f: posts the ante 24
735ba18c: posts small blind 80
45070791: posts big blind 160
*** HOLE CARDS ***
Dealt to 926a12f6 
Dealt to Hero [Ts 5s]
Dealt to 2cca1dad 
Dealt to 735ba18c 
Dealt to 45070791 
Dealt to 957b37b 
Dealt to ad4170be 
Dealt to 2ddfdd4f 
957b37b: folds
ad4170be: folds
2ddfdd4f: raises 160 to 320
926a12f6: calls 320
Hero: calls 320
2cca1dad: folds
735ba18c: folds
45070791: folds
*** FLOP *** [4s 8c Qd]
2ddfdd4f: bets 696
926a12f6: folds
Hero: folds
Uncalled bet (696) returned to 2ddfdd4f
*** SHOWDOWN ***
2ddfdd4f collected 1,392 from pot
*** SUMMARY ***
Total pot 1,392 | Rake 0 | Jackpot 0 | Bingo 0 | Fortune 0 | Tax 0
Board [4s 8c Qd]
Seat 1: 926a12f6 folded on the Flop
Seat 2: Hero folded on the Flop
Seat 3: 2cca1dad (button) folded before Flop
Seat 4: 735ba18c (small blind) folded before Flop
Seat 5: 45070791 (big blind) folded before Flop
Seat 6: 957b37b folded before Flop
Seat 7: ad4170be folded before Flop
Seat 8: 2ddfdd4f won (1,392)


Poker Hand #TM3518139142: Tournament #154555043, Bounty Hunters Big One $1.08 Hold'em No Limit - Level3(80/160) - 2024/07/25 11:50:35
Table '23' 8-max Seat #2 is the button
Seat 1: 926a12f6 (8,272 in chips)
Seat 2: Hero (31,152 in chips)
Seat 3: 2cca1dad (17,938 in chips)
Seat 4: 735ba18c (9,151 in chips)
Seat 5: 45070791 (9,454 in chips)
Seat 6: 957b37b (8,097 in chips)
Seat 7: ad4170be (16,141 in chips)
Seat 8: 2ddfdd4f (10,000 in chips)
ad4170be: posts the ante 24
45070791: posts the ante 24
735ba18c: posts the ante 24
957b37b: posts the ante 24
2cca1dad: posts the ante 24
926a12f6: posts the ante 24
Hero: posts the ante 24
2ddfdd4f: posts the ante 24
2cca1dad: posts small blind 80
735ba18c: posts big blind 160
*** HOLE CARDS ***
Dealt to 926a12f6 
Dealt to Hero [Qh 3d]
Dealt to 2cca1dad 
Dealt to 735ba18c 
Dealt to 45070791 
Dealt to 957b37b 
Dealt to ad4170be 
Dealt to 2ddfdd4f 
45070791: folds
957b37b: raises 160 to 320
ad4170be: folds
2ddfdd4f: calls 320
926a12f6: folds
Hero: folds
2cca1dad: folds
735ba18c: folds
*** FLOP *** [4h 7h 7d]
957b37b: checks
2ddfdd4f: checks
*** TURN *** [4h 7h 7d] [2c]
957b37b: checks
2ddfdd4f: checks
*** RIVER *** [4h 7h 7d 2c] [Kh]
957b37b: checks
2ddfdd4f: checks
957b37b: shows [8d Td] (Pair of Sevens)
2ddfdd4f: shows [6h Ac] (Pair of Sevens)
*** SHOWDOWN ***
2ddfdd4f collected 1,072 from pot
*** SUMMARY ***
Total pot 1,072 | Rake 0 | Jackpot 0 | Bingo 0 | Fortune 0 | Tax 0
Board [4h 7h 7d 2c Kh]
Seat 1: 926a12f6 folded before Flop
Seat 2: Hero (button) folded before Flop
Seat 3: 2cca1dad (small blind) folded before Flop
Seat 4: 735ba18c (big blind) folded before Flop
Seat 5: 45070791 folded before Flop
Seat 6: 957b37b showed [8d Td] and lost with Pair of Sevens
Seat 7: ad4170be folded before Flop
Seat 8: 2ddfdd4f showed [6h Ac] and won (1,072) with Pair of Sevens


Poker Hand #TM3517309060: Tournament #154555043, Bounty Hunters Big One $1.08 Hold'em No Limit - Level2(60/120) - 2024/07/25 11:48:24
Table '23' 8-max Seat #1 is the button
Seat 1: 926a12f6 (9,984 in chips)
Seat 2: Hero (18,795 in chips)
Seat 3: 2cca1dad (18,076 in chips)
Seat 4: 735ba18c (9,169 in chips)
Seat 5: 45070791 (9,472 in chips)
Seat 6: 957b37b (18,550 in chips)
Seat 7: ad4170be (16,159 in chips)
ad4170be: posts the ante 18
45070791: posts the ante 18
735ba18c: posts the ante 18
957b37b: posts the ante 18
2cca1dad: posts the ante 18
926a12f6: posts the ante 18
Hero: posts the ante 18
Hero: posts small blind 60
2cca1dad: posts big blind 120
*** HOLE CARDS ***
Dealt to 926a12f6 
Dealt to Hero [Ks Js]
Dealt to 2cca1dad 
Dealt to 735ba18c 
Dealt to 45070791 
Dealt to 957b37b 
Dealt to ad4170be 
735ba18c: folds
45070791: folds
957b37b: raises 120 to 240
ad4170be: folds
926a12f6: raises 590 to 830
Hero: calls 770
2cca1dad: folds
957b37b: calls 590
*** FLOP *** [Qc 2h Kh]
Hero: checks
957b37b: checks
926a12f6: bets 864
Hero: raises 1,474 to 2,338
957b37b: calls 2,338
926a12f6: folds
*** TURN *** [Qc 2h Kh] [4h]
Hero: checks
957b37b: bets 2,732
Hero: calls 2,732
*** RIVER *** [Qc 2h Kh 4h] [5c]
Hero: checks
957b37b: bets 4,535
Hero: calls 4,535
957b37b: shows [Tc Jd] (King-High)
Hero: shows [Ks Js] (Pair of Kings)
*** SHOWDOWN ***
Hero collected 22,810 from pot
*** SUMMARY ***
Total pot 22,810 | Rake 0 | Jackpot 0 | Bingo 0 | Fortune 0 | Tax 0
Board [Qc 2h Kh 4h 5c]
Seat 1: 926a12f6 (button) folded on the Flop
Seat 2: Hero (small blind) showed [Ks Js] and won (22,810) with Pair of Kings
Seat 3: 2cca1dad (big blind) folded before Flop
Seat 4: 735ba18c folded before Flop
Seat 5: 45070791 folded before Flop
Seat 6: 957b37b showed [Tc Jd] and lost with King-High
Seat 7: ad4170be folded before Flop


Poker Hand #TM3517308983: Tournament #154555043, Bounty Hunters Big One $1.08 Hold'em No Limit - Level2(60/120) - 2024/07/25 11:46:22
Table '23' 8-max Seat #7 is the button
Seat 1: 926a12f6 (10,686 in chips)
Seat 2: Hero (18,813 in chips)
Seat 3: 2cca1dad (9,887 in chips)
Seat 4: 735ba18c (9,427 in chips)
Seat 5: 45070791 (9,490 in chips)
Seat 6: 957b37b (19,252 in chips)
Seat 7: ad4170be (16,177 in chips)
Seat 8: 343a6f6a (6,473 in chips)
ad4170be: posts the ante 18
45070791: posts the ante 18
735ba18c: posts the ante 18
957b37b: posts the ante 18
2cca1dad: posts the ante 18
926a12f6: posts the ante 18
343a6f6a: posts the ante 18
Hero: posts the ante 18
343a6f6a: posts small blind 60
926a12f6: posts big blind 120
*** HOLE CARDS ***
Dealt to 926a12f6 
Dealt to Hero [Qc 9d]
Dealt to 2cca1dad 
Dealt to 735ba18c 
Dealt to 45070791 
Dealt to 957b37b 
Dealt to ad4170be 
Dealt to 343a6f6a 
Hero: folds
2cca1dad: raises 120 to 240
735ba18c: calls 240
45070791: folds
957b37b: calls 240
ad4170be: folds
343a6f6a: calls 180
926a12f6: calls 120
*** FLOP *** [7c 8s 5h]
343a6f6a: checks
926a12f6: checks
2cca1dad: checks
735ba18c: checks
957b37b: bets 444
343a6f6a: calls 444
926a12f6: calls 444
2cca1dad: calls 444
735ba18c: folds
*** TURN *** [7c 8s 5h] [4c]
343a6f6a: checks
926a12f6: checks
2cca1dad: checks
957b37b: checks
*** RIVER *** [7c 8s 5h 4c] [3c]
343a6f6a: bets 1,200
926a12f6: folds
2cca1dad: raises 3,000 to 4,200
957b37b: folds
343a6f6a: raises 1,571 to 5,771 and is all-in
2cca1dad: calls 1,571
343a6f6a: shows [6d 6c] (Eights-High Straight)
2cca1dad: shows [Kc 9c] (King High Flush)
ad4170be: shows [6h] (Eights-High Straight)
*** SHOWDOWN ***
2cca1dad collected 14,662 from pot
*** SUMMARY ***
Total pot 14,662 | Rake 0 | Jackpot 0 | Bingo 0 | Fortune 0 | Tax 0
Board [7c 8s 5h 4c 3c]
Seat 1: 926a12f6 (big blind) folded on the River
Seat 2: Hero folded before Flop
Seat 3: 2cca1dad showed [Kc 9c] and won (14,662) with King High Flush
Seat 4: 735ba18c folded on the Flop
Seat 5: 45070791 folded before Flop
Seat 6: 957b37b folded on the River
Seat 7: ad4170be (button) folded before Flop
Seat 8: 343a6f6a (small blind) showed [6d 6c] and lost with Eights-High Straight


Poker Hand #TM3517308938: Tournament #154555043, Bounty Hunters Big One $1.08 Hold'em No Limit - Level2(60/120) - 2024/07/25 11:45:04
Table '23' 8-max Seat #6 is the button
Seat 1: 926a12f6 (10,704 in chips)
Seat 2: Hero (18,831 in chips)
Seat 3: 2cca1dad (9,905 in chips)
Seat 4: 735ba18c (9,445 in chips)
Seat 5: 45070791 (9,748 in chips)
Seat 6: 957b37b (19,270 in chips)
Seat 7: ad4170be (14,165 in chips)
Seat 8: 343a6f6a (8,137 in chips)
45070791: posts the ante 18
ad4170be: posts the ante 18
735ba18c: posts the ante 18
957b37b: posts the ante 18
2cca1dad: posts the ante 18
926a12f6: posts the ante 18
343a6f6a: posts the ante 18
Hero: posts the ante 18
ad4170be: posts small blind 60
343a6f6a: posts big blind 120
*** HOLE CARDS ***
Dealt to 926a12f6 
Dealt to Hero [Ts 6c]
Dealt to 2cca1dad 
Dealt to 735ba18c 
Dealt to 45070791 
Dealt to 957b37b 
Dealt to ad4170be 
Dealt to 343a6f6a 
926a12f6: folds
Hero: folds
2cca1dad: folds
735ba18c: folds
45070791: raises 120 to 240
957b37b: folds
ad4170be: calls 180
343a6f6a: calls 120
*** FLOP *** [5d 2h Qd]
ad4170be: checks
343a6f6a: bets 360
45070791: folds
ad4170be: calls 360
*** TURN *** [5d 2h Qd] [4h]
ad4170be: checks
343a6f6a: bets 1,046
ad4170be: calls 1,046
*** RIVER *** [5d 2h Qd 4h] [Jd]
ad4170be: checks
343a6f6a: checks
ad4170be: shows [Qc Jc] (Pair of Queens and Pair of Jacks)
343a6f6a: shows [7c Ks] (King-High)
*** SHOWDOWN ***
ad4170be collected 3,676 from pot
*** SUMMARY ***
Total pot 3,676 | Rake 0 | Jackpot 0 | Bingo 0 | Fortune 0 | Tax 0
Board [5d 2h Qd 4h Jd]
Seat 1: 926a12f6 folded before Flop
Seat 2: Hero folded before Flop
Seat 3: 2cca1dad folded before Flop
Seat 4: 735ba18c folded before Flop
Seat 5: 45070791 folded on the Flop
Seat 6: 957b37b (button) folded before Flop
Seat 7: ad4170be (small blind) showed [Qc Jc] and won (3,676) with Pair of Queens and Pair of Jacks
Seat 8: 343a6f6a (big blind) showed [7c Ks] and lost with King-High


Poker Hand #TM3517308894: Tournament #154555043, Bounty Hunters Big One $1.08 Hold'em No Limit - Level2(60/120) - 2024/07/25 11:43:42
Table '23' 8-max Seat #5 is the button
Seat 1: 926a12f6 (10,722 in chips)
Seat 2: Hero (19,418 in chips)
Seat 3: 2cca1dad (9,923 in chips)
Seat 4: 735ba18c (9,463 in chips)
Seat 5: 45070791 (9,766 in chips)
Seat 6: 957b37b (19,348 in chips)
Seat 7: ad4170be (11,407 in chips)
Seat 8: 343a6f6a (10,158 in chips)
45070791: posts the ante 18
ad4170be: posts the ante 18
735ba18c: posts the ante 18
957b37b: posts the ante 18
2cca1dad: posts the ante 18
926a12f6: posts the ante 18
343a6f6a: posts the ante 18
Hero: posts the ante 18
957b37b: posts small blind 60
ad4170be: posts big blind 120
*** HOLE CARDS ***
Dealt to 926a12f6 
Dealt to Hero [6c 6h]
Dealt to 2cca1dad 
Dealt to 735ba18c 
Dealt to 45070791 
Dealt to 957b37b 
Dealt to ad4170be 
Dealt to 343a6f6a 
343a6f6a: raises 132 to 252
926a12f6: folds
Hero: calls 252
2cca1dad: folds
735ba18c: folds
45070791: folds
957b37b: folds
ad4170be: calls 132
*** FLOP *** [Kh 3h Ah]
ad4170be: checks
343a6f6a: checks
Hero: bets 317
ad4170be: calls 317
343a6f6a: calls 317
*** TURN *** [Kh 3h Ah] [Td]
ad4170be: checks
343a6f6a: checks
Hero: checks
*** RIVER *** [Kh 3h Ah Td] [Qs]
ad4170be: bets 1,434
343a6f6a: calls 1,434
Hero: folds
ad4170be: shows [Js Th] (Aces-High Straight)
343a6f6a: shows [9d As] (Pair of Aces)
*** SHOWDOWN ***
ad4170be collected 4,779 from pot
*** SUMMARY ***
Total pot 4,779 | Rake 0 | Jackpot 0 | Bingo 0 | Fortune 0 | Tax 0
Board [Kh 3h Ah Td Qs]
Seat 1: 926a12f6 folded before Flop
Seat 2: Hero folded on the River
Seat 3: 2cca1dad folded before Flop
Seat 4: 735ba18c folded before Flop
Seat 5: 45070791 (button) folded before Flop
Seat 6: 957b37b (small blind) folded before Flop
Seat 7: ad4170be (big blind) showed [Js Th] and won (4,779) with Aces-High Straight
Seat 8: 343a6f6a showed [9d As] and lost with Pair of Aces


Poker Hand #TM3517308870: Tournament #154555043, Bounty Hunters Big One $1.08 Hold'em No Limit - Level2(60/120) - 2024/07/25 11:43:06
Table '23' 8-max Seat #4 is the button
Seat 1: 926a12f6 (10,056 in chips)
Seat 2: Hero (19,436 in chips)
Seat 3: 2cca1dad (9,941 in chips)
Seat 4: 735ba18c (9,721 in chips)
Seat 5: 45070791 (9,844 in chips)
Seat 6: 957b37b (19,606 in chips)
Seat 7: ad4170be (11,425 in chips)
Seat 8: 343a6f6a (10,176 in chips)
ad4170be: posts the ante 18
45070791: posts the ante 18
735ba18c: posts the ante 18
957b37b: posts the ante 18
2cca1dad: posts the ante 18
926a12f6: posts the ante 18
343a6f6a: posts the ante 18
Hero: posts the ante 18
45070791: posts small blind 60
957b37b: posts big blind 120
*** HOLE CARDS ***
Dealt to 926a12f6 
Dealt to Hero [4h As]
Dealt to 2cca1dad 
Dealt to 735ba18c 
Dealt to 45070791 
Dealt to 957b37b 
Dealt to ad4170be 
Dealt to 343a6f6a 
ad4170be: folds
343a6f6a: folds
926a12f6: raises 120 to 240
Hero: folds
2cca1dad: folds
735ba18c: calls 240
45070791: folds
957b37b: calls 120
*** FLOP *** [4c Jh 9d]
957b37b: checks
926a12f6: bets 372
735ba18c: folds
957b37b: folds
Uncalled bet (372) returned to 926a12f6
*** SHOWDOWN ***
926a12f6 collected 924 from pot
*** SUMMARY ***
Total pot 924 | Rake 0 | Jackpot 0 | Bingo 0 | Fortune 0 | Tax 0
Board [4c Jh 9d]
Seat 1: 926a12f6 won (924)
Seat 2: Hero folded before Flop
Seat 3: 2cca1dad folded before Flop
Seat 4: 735ba18c (button) folded on the Flop
Seat 5: 45070791 (small blind) folded before Flop
Seat 6: 957b37b (big blind) folded on the Flop
Seat 7: ad4170be folded before Flop
Seat 8: 343a6f6a folded before Flop


Poker Hand #TM3517308845: Tournament #154555043, Bounty Hunters Big One $1.08 Hold'em No Limit - Level2(60/120) - 2024/07/25 11:42:12
Table '23' 8-max Seat #3 is the button
Seat 1: 926a12f6 (10,600 in chips)
Seat 2: Hero (19,454 in chips)
Seat 3: 2cca1dad (9,959 in chips)
Seat 4: 735ba18c (9,799 in chips)
Seat 5: 45070791 (9,982 in chips)
Seat 6: 957b37b (19,624 in chips)
Seat 7: ad4170be (11,443 in chips)
Seat 8: 343a6f6a (9,344 in chips)
ad4170be: posts the ante 18
45070791: posts the ante 18
735ba18c: posts the ante 18
957b37b: posts the ante 18
2cca1dad: posts the ante 18
926a12f6: posts the ante 18
343a6f6a: posts the ante 18
Hero: posts the ante 18
735ba18c: posts small blind 60
45070791: posts big blind 120
*** HOLE CARDS ***
Dealt to 926a12f6 
Dealt to Hero [3s Ts]
Dealt to 2cca1dad 
Dealt to 735ba18c 
Dealt to 45070791 
Dealt to 957b37b 
Dealt to ad4170be 
Dealt to 343a6f6a 
957b37b: folds
ad4170be: folds
343a6f6a: raises 132 to 252
926a12f6: calls 252
Hero: folds
2cca1dad: folds
735ba18c: folds
45070791: folds
*** FLOP *** [Kh 8h 2d]
343a6f6a: bets 274
926a12f6: calls 274
*** TURN *** [Kh 8h 2d] [3h]
343a6f6a: bets 480
926a12f6: folds
Uncalled bet (480) returned to 343a6f6a
*** SHOWDOWN ***
343a6f6a collected 1,376 from pot
*** SUMMARY ***
Total pot 1,376 | Rake 0 | Jackpot 0 | Bingo 0 | Fortune 0 | Tax 0
Board [Kh 8h 2d 3h]
Seat 1: 926a12f6 folded on the Turn
Seat 2: Hero folded before Flop
Seat 3: 2cca1dad (button) folded before Flop
Seat 4: 735ba18c (small blind) folded before Flop
Seat 5: 45070791 (big blind) folded before Flop
Seat 6: 957b37b folded before Flop
Seat 7: ad4170be folded before Flop
Seat 8: 343a6f6a won (1,376)


Poker Hand #TM3517308801: Tournament #154555043, Bounty Hunters Big One $1.08 Hold'em No Limit - Level2(60/120) - 2024/07/25 11:41:16
Table '23' 8-max Seat #2 is the button
Seat 1: 926a12f6 (10,618 in chips)
Seat 2: Hero (20,057 in chips)
Seat 3: 2cca1dad (10,037 in chips)
Seat 4: 735ba18c (9,937 in chips)
Seat 5: 45070791 (10,000 in chips)
Seat 6: 957b37b (20,227 in chips)
Seat 7: ad4170be (9,967 in chips)
Seat 8: 343a6f6a (9,362 in chips)
ad4170be: posts the ante 18
45070791: posts the ante 18
735ba18c: posts the ante 18
957b37b: posts the ante 18
2cca1dad: posts the ante 18
926a12f6: posts the ante 18
343a6f6a: posts the ante 18
Hero: posts the ante 18
2cca1dad: posts small blind 60
735ba18c: posts big blind 120
*** HOLE CARDS ***
Dealt to 926a12f6 
Dealt to Hero [7h Th]
Dealt to 2cca1dad 
Dealt to 735ba18c 
Dealt to 45070791 
Dealt to 957b37b 
Dealt to ad4170be 
Dealt to 343a6f6a 
45070791: folds
957b37b: raises 120 to 240
ad4170be: calls 240
343a6f6a: folds
926a12f6: folds
Hero: calls 240
2cca1dad: folds
735ba18c: folds
*** FLOP *** [4h 6d 4s]
957b37b: bets 345
ad4170be: calls 345
Hero: calls 345
*** TURN *** [4h 6d 4s] [Qc]
957b37b: checks
ad4170be: bets 1,040
Hero: folds
957b37b: folds
Uncalled bet (1,040) returned to ad4170be
*** SHOWDOWN ***
ad4170be collected 2,079 from pot
*** SUMMARY ***
Total pot 2,079 | Rake 0 | Jackpot 0 | Bingo 0 | Fortune 0 | Tax 0
Board [4h 6d 4s Qc]
Seat 1: 926a12f6 folded before Flop
Seat 2: Hero (button) folded on the Turn
Seat 3: 2cca1dad (small blind) folded before Flop
Seat 4: 735ba18c (big blind) folded before Flop
Seat 5: 45070791 folded before Flop
Seat 6: 957b37b folded on the Turn
Seat 7: ad4170be won (2,079)
Seat 8: 343a6f6a folded before Flop


Poker Hand #TM3517308779: Tournament #154555043, Bounty Hunters Big One $1.08 Hold'em No Limit - Level2(60/120) - 2024/07/25 11:40:33
Table '23' 8-max Seat #1 is the button
Seat 1: 926a12f6 (9,790 in chips)
Seat 2: Hero (20,135 in chips)
Seat 3: 2cca1dad (10,175 in chips)
Seat 4: 735ba18c (9,955 in chips)
Seat 6: 957b37b (20,785 in chips)
Seat 7: ad4170be (9,985 in chips)
Seat 8: 343a6f6a (9,380 in chips)
ad4170be: posts the ante 18
735ba18c: posts the ante 18
957b37b: posts the ante 18
2cca1dad: posts the ante 18
926a12f6: posts the ante 18
343a6f6a: posts the ante 18
Hero: posts the ante 18
Hero: posts small blind 60
2cca1dad: posts big blind 120
*** HOLE CARDS ***
Dealt to 926a12f6 
Dealt to Hero [7d Ks]
Dealt to 2cca1dad 
Dealt to 735ba18c 
Dealt to 957b37b 
Dealt to ad4170be 
Dealt to 343a6f6a 
735ba18c: folds
957b37b: calls 120
ad4170be: folds
343a6f6a: folds
926a12f6: raises 420 to 540
Hero: folds
2cca1dad: folds
957b37b: calls 420
*** FLOP *** [2h 2d 9d]
957b37b: checks
926a12f6: bets 420
957b37b: folds
Uncalled bet (420) returned to 926a12f6
*** SHOWDOWN ***
926a12f6 collected 1,386 from pot
*** SUMMARY ***
Total pot 1,386 | Rake 0 | Jackpot 0 | Bingo 0 | Fortune 0 | Tax 0
Board [2h 2d 9d]
Seat 1: 926a12f6 (button) won (1,386)
Seat 2: Hero (small blind) folded before Flop
Seat 3: 2cca1dad (big blind) folded before Flop
Seat 4: 735ba18c folded before Flop
Seat 6: 957b37b folded on the Flop
Seat 7: ad4170be folded before Flop
Seat 8: 343a6f6a folded before Flop


Poker Hand #TM3517308730: Tournament #154555043, Bounty Hunters Big One $1.08 Hold'em No Limit - Level1(50/100) - 2024/07/25 11:39:17
Table '23' 8-max Seat #8 is the button
Seat 1: 926a12f6 (9,855 in chips)
Seat 2: Hero (10,010 in chips)
Seat 3: 2cca1dad (10,190 in chips)
Seat 4: 735ba18c (9,970 in chips)
Seat 5: d7c7e755 (9,985 in chips)
Seat 6: 957b37b (20,800 in chips)
Seat 7: ad4170be (10,000 in chips)
Seat 8: 343a6f6a (9,395 in chips)
ad4170be: posts the ante 15
735ba18c: posts the ante 15
957b37b: posts the ante 15
2cca1dad: posts the ante 15
343a6f6a: posts the ante 15
926a12f6: posts the ante 15
Hero: posts the ante 15
d7c7e755: posts the ante 15
926a12f6: posts small blind 50
Hero: posts big blind 100
*** HOLE CARDS ***
Dealt to 926a12f6 
Dealt to Hero [Kc 6h]
Dealt to 2cca1dad 
Dealt to 735ba18c 
Dealt to d7c7e755 
Dealt to 957b37b 
Dealt to ad4170be 
Dealt to 343a6f6a 
2cca1dad: folds
735ba18c: folds
d7c7e755: raises 110 to 210
957b37b: folds
ad4170be: folds
343a6f6a: folds
926a12f6: folds
Hero: calls 110
*** FLOP *** [5s Kd 4h]
Hero: checks
d7c7e755: bets 177
Hero: raises 312 to 489
d7c7e755: raises 1,176 to 1,665
Hero: calls 1,176
*** TURN *** [5s Kd 4h] [8c]
Hero: checks
d7c7e755: bets 3,000
Hero: calls 3,000
*** RIVER *** [5s Kd 4h 8c] [Qs]
Hero: checks
d7c7e755: bets 5,095 and is all-in
Hero: calls 5,095
d7c7e755: shows [7s Ad] (Ace-High)
Hero: shows [Kc 6h] (Pair of Kings)
*** SHOWDOWN ***
Hero collected 20,110 from pot
*** SUMMARY ***
Total pot 20,110 | Rake 0 | Jackpot 0 | Bingo 0 | Fortune 0 | Tax 0
Board [5s Kd 4h 8c Qs]
Seat 1: 926a12f6 (small blind) folded before Flop
Seat 2: Hero (big blind) showed [Kc 6h] and won (20,110) with Pair of Kings
Seat 3: 2cca1dad folded before Flop
Seat 4: 735ba18c folded before Flop
Seat 5: d7c7e755 showed [7s Ad] and lost with Ace-High
Seat 6: 957b37b folded before Flop
Seat 7: ad4170be folded before Flop
Seat 8: 343a6f6a (button) folded before Flop


Poker Hand #TM3517308716: Tournament #154555043, Bounty Hunters Big One $1.08 Hold'em No Limit - Level1(50/100) - 2024/07/25 11:38:52
Table '23' 8-max Seat #6 is the button
Seat 1: 926a12f6 (9,970 in chips)
Seat 2: Hero (9,770 in chips)
Seat 3: 2cca1dad (10,205 in chips)
Seat 4: 735ba18c (9,985 in chips)
Seat 5: d7c7e755 (10,000 in chips)
Seat 6: 957b37b (20,815 in chips)
Seat 8: 343a6f6a (9,460 in chips)
735ba18c: posts the ante 15
957b37b: posts the ante 15
2cca1dad: posts the ante 15
926a12f6: posts the ante 15
343a6f6a: posts the ante 15
Hero: posts the ante 15
d7c7e755: posts the ante 15
343a6f6a: posts small blind 50
926a12f6: posts big blind 100
*** HOLE CARDS ***
Dealt to 926a12f6 
Dealt to Hero [Kc Ah]
Dealt to 2cca1dad 
Dealt to 735ba18c 
Dealt to d7c7e755 
Dealt to 957b37b 
Dealt to 343a6f6a 
Hero: raises 300 to 400
2cca1dad: folds
735ba18c: folds
d7c7e755: folds
957b37b: folds
343a6f6a: folds
926a12f6: folds
Uncalled bet (300) returned to Hero
*** SHOWDOWN ***
Hero collected 355 from pot
*** SUMMARY ***
Total pot 355 | Rake 0 | Jackpot 0 | Bingo 0 | Fortune 0 | Tax 0
Seat 1: 926a12f6 (big blind) folded before Flop
Seat 2: Hero collected (355)
Seat 3: 2cca1dad folded before Flop
Seat 4: 735ba18c folded before Flop
Seat 5: d7c7e755 folded before Flop
Seat 6: 957b37b (button) folded before Flop
Seat 8: 343a6f6a (small blind) folded before Flop


Poker Hand #TM3517308683: Tournament #154555043, Bounty Hunters Big One $1.08 Hold'em No Limit - Level1(50/100) - 2024/07/25 11:37:55
Table '23' 8-max Seat #5 is the button
Seat 1: 926a12f6 (9,985 in chips)
Seat 2: Hero (9,785 in chips)
Seat 3: 2cca1dad (10,220 in chips)
Seat 4: 735ba18c (10,000 in chips)
Seat 5: d7c7e755 (20,320 in chips)
Seat 6: 957b37b (10,320 in chips)
Seat 8: 343a6f6a (9,575 in chips)
735ba18c: posts the ante 15
957b37b: posts the ante 15
2cca1dad: posts the ante 15
926a12f6: posts the ante 15
343a6f6a: posts the ante 15
Hero: posts the ante 15
d7c7e755: posts the ante 15
957b37b: posts small blind 50
343a6f6a: posts big blind 100
*** HOLE CARDS ***
Dealt to 926a12f6 
Dealt to Hero [As 3c]
Dealt to 2cca1dad 
Dealt to 735ba18c 
Dealt to d7c7e755 
Dealt to 957b37b 
Dealt to 343a6f6a 
926a12f6: folds
Hero: folds
2cca1dad: folds
735ba18c: folds
d7c7e755: raises 110 to 210
957b37b: raises 1,390 to 1,600
343a6f6a: folds
d7c7e755: calls 1,390
*** FLOP *** [6s 7h 2d]
957b37b: bets 2,554
d7c7e755: calls 2,554
*** TURN *** [6s 7h 2d] [6d]
957b37b: bets 6,151 and is all-in
d7c7e755: calls 6,151
957b37b: shows [Kd Ks] (Pair of Kings and Pair of Sixes)
d7c7e755: shows [8d Td] (Pair of Sixes)
*** RIVER *** [6s 7h 2d 6d] [6c]
*** SHOWDOWN ***
957b37b collected 20,815 from pot
*** SUMMARY ***
Total pot 20,815 | Rake 0 | Jackpot 0 | Bingo 0 | Fortune 0 | Tax 0
Board [6s 7h 2d 6d 6c]
Seat 1: 926a12f6 folded before Flop
Seat 2: Hero folded before Flop
Seat 3: 2cca1dad folded before Flop
Seat 4: 735ba18c folded before Flop
Seat 5: d7c7e755 (button) showed [8d Td] and lost with Three Sixes
Seat 6: 957b37b (small blind) showed [Kd Ks] and won (20,815) with Sixes Full over Kings
Seat 8: 343a6f6a (big blind) folded before Flop


Poker Hand #TM3517308645: Tournament #154555043, Bounty Hunters Big One $1.08 Hold'em No Limit - Level1(50/100) - 2024/07/25 11:36:53
Table '23' 8-max Seat #3 is the button
Seat 1: 926a12f6 (10,000 in chips)
Seat 2: Hero (10,000 in chips)
Seat 3: 2cca1dad (9,680 in chips)
Seat 5: d7c7e755 (20,385 in chips)
Seat 6: 957b37b (10,535 in chips)
Seat 7: 73aa3b0a (8,225 in chips)
Seat 8: 343a6f6a (9,590 in chips)
73aa3b0a: posts the ante 15
957b37b: posts the ante 15
2cca1dad: posts the ante 15
926a12f6: posts the ante 15
343a6f6a: posts the ante 15
Hero: posts the ante 15
d7c7e755: posts the ante 15
d7c7e755: posts small blind 50
957b37b: posts big blind 100
*** HOLE CARDS ***
Dealt to 926a12f6 
Dealt to Hero [Qc 9s]
Dealt to 2cca1dad 
Dealt to d7c7e755 
Dealt to 957b37b 
Dealt to 73aa3b0a 
Dealt to 343a6f6a 
73aa3b0a: folds
343a6f6a: folds
926a12f6: folds
Hero: raises 100 to 200
2cca1dad: calls 200
d7c7e755: folds
957b37b: calls 100
*** FLOP *** [Jh 8c Js]
957b37b: checks
Hero: checks
2cca1dad: checks
*** TURN *** [Jh 8c Js] [As]
957b37b: checks
Hero: checks
2cca1dad: checks
*** RIVER *** [Jh 8c Js As] [5h]
957b37b: checks
Hero: checks
2cca1dad: checks
957b37b: shows [Ks 7h] (Pair of Jacks)
Hero: shows [Qc 9s] (Pair of Jacks)
2cca1dad: shows [2s 2h] (Pair of Jacks and Pair of Twos)
*** SHOWDOWN ***
2cca1dad collected 755 from pot
*** SUMMARY ***
Total pot 755 | Rake 0 | Jackpot 0 | Bingo 0 | Fortune 0 | Tax 0
Board [Jh 8c Js As 5h]
Seat 1: 926a12f6 folded before Flop
Seat 2: Hero showed [Qc 9s] and lost with Pair of Jacks
Seat 3: 2cca1dad (button) showed [2s 2h] and won (755) with Pair of Jacks and Pair of Twos
Seat 5: d7c7e755 (small blind) folded before Flop
Seat 6: 957b37b (big blind) showed [Ks 7h] and lost with Pair of Jacks
Seat 7: 73aa3b0a folded before Flop
Seat 8: 343a6f6a folded before Flop


