Poker Hand #TM3613559658: Tournament #156715867, Private Tournament #688701 Hold'em No Limit - Level8(150/300) - 2024/08/24 20:38:48
Table '8' 6-max Seat #6 is the button
Seat 1: aca8e213 (19,809 in chips)
Seat 2: 4e1d8507 (4,058 in chips)
Seat 3: 2fb29b8c (3,874 in chips)
Seat 4: b907cc88 (16,475 in chips)
Seat 5: Hero (10,644 in chips)
Seat 6: e97111c8 (1,688 in chips)
aca8e213: posts the ante 40
2fb29b8c: posts the ante 40
e97111c8: posts the ante 40
4e1d8507: posts the ante 40
Hero: posts the ante 40
b907cc88: posts the ante 40
aca8e213: posts small blind 150
4e1d8507: posts big blind 300
*** HOLE CARDS ***
Dealt to aca8e213 
Dealt to 4e1d8507 
Dealt to 2fb29b8c 
Dealt to b907cc88 
Dealt to Hero [Ac Qh]
Dealt to e97111c8 
2fb29b8c: folds
b907cc88: folds
Hero: raises 450 to 750
e97111c8: raises 898 to 1,648 and is all-in
aca8e213: calls 1,498
4e1d8507: folds
Hero: raises 8,956 to 10,604 and is all-in
aca8e213: calls 8,956
Hero: shows [Ac Qh]
e97111c8: shows [9s As]
aca8e213: shows [Kh 9h]
*** FLOP *** [6d 9d 8h]
*** TURN *** [6d 9d 8h] [9c]
*** RIVER *** [6d 9d 8h 9c] [4c]
b907cc88: shows [Ks] (Pair of Nines)
*** SHOWDOWN ***
e97111c8 collected 5,484 from pot
aca8e213 collected 17,912 from pot
*** SUMMARY ***
Total pot 23,396 | Rake 0 | Jackpot 0 | Bingo 0 | Fortune 0 | Tax 0
Board [6d 9d 8h 9c 4c]
Seat 1: aca8e213 (small blind) showed [Kh 9h] and won (17,912) with Three Nines
Seat 2: 4e1d8507 (big blind) folded before Flop
Seat 3: 2fb29b8c folded before Flop
Seat 4: b907cc88 folded before Flop
Seat 5: Hero showed [Ac Qh] and lost with Pair of Nines
Seat 6: e97111c8 (button) showed [9s As] and won (5,484) with Three Nines


Poker Hand #TM3613559635: Tournament #156715867, Private Tournament #688701 Hold'em No Limit - Level8(150/300) - 2024/08/24 20:37:48
Table '8' 6-max Seat #5 is the button
Seat 1: aca8e213 (20,149 in chips)
Seat 2: 4e1d8507 (2,565 in chips)
Seat 3: 2fb29b8c (3,914 in chips)
Seat 4: b907cc88 (8,774 in chips)
Seat 5: Hero (10,684 in chips)
Seat 6: e97111c8 (10,462 in chips)
aca8e213: posts the ante 40
2fb29b8c: posts the ante 40
e97111c8: posts the ante 40
4e1d8507: posts the ante 40
Hero: posts the ante 40
b907cc88: posts the ante 40
e97111c8: posts small blind 150
aca8e213: posts big blind 300
*** HOLE CARDS ***
Dealt to aca8e213 
Dealt to 4e1d8507 
Dealt to 2fb29b8c 
Dealt to b907cc88 
Dealt to Hero [Jc Kd]
Dealt to e97111c8 
4e1d8507: raises 600 to 900
2fb29b8c: folds
b907cc88: raises 1,800 to 2,700
Hero: folds
e97111c8: calls 2,550
aca8e213: folds
4e1d8507: calls 1,625 and is all-in
*** FLOP *** [Qd 5s 3c]
e97111c8: checks
b907cc88: bets 6,034 and is all-in
e97111c8: calls 6,034
b907cc88: shows [Qs Ad] (Pair of Queens)
e97111c8: shows [Kc Ts] (King-High)
4e1d8507: shows [Qh Jh] (Pair of Queens)
*** TURN *** [Qd 5s 3c] [Qc]
*** RIVER *** [Qd 5s 3c Qc] [5h]
Hero: shows [Jc Kd] (Pair of Queens and Pair of Fives)
*** SHOWDOWN ***
b907cc88 collected 4,057 from pot
4e1d8507 collected 4,058 from pot
b907cc88 collected 12,418 from pot
*** SUMMARY ***
Total pot 20,533 | Rake 0 | Jackpot 0 | Bingo 0 | Fortune 0 | Tax 0
Board [Qd 5s 3c Qc 5h]
Seat 1: aca8e213 (big blind) folded before Flop
Seat 2: 4e1d8507 showed [Qh Jh] and won (4,058) with Queens Full over Fives
Seat 3: 2fb29b8c folded before Flop
Seat 4: b907cc88 showed [Qs Ad] and won (16,475) with Queens Full over Fives
Seat 5: Hero (button) folded before Flop
Seat 6: e97111c8 (small blind) showed [Kc Ts] and lost with Pair of Queens and Pair of Fives


Poker Hand #TM3613559616: Tournament #156715867, Private Tournament #688701 Hold'em No Limit - Level8(150/300) - 2024/08/24 20:37:00
Table '8' 6-max Seat #4 is the button
Seat 1: aca8e213 (18,174 in chips)
Seat 2: 4e1d8507 (2,905 in chips)
Seat 3: 2fb29b8c (3,954 in chips)
Seat 4: b907cc88 (9,114 in chips)
Seat 5: Hero (11,024 in chips)
Seat 6: e97111c8 (11,377 in chips)
aca8e213: posts the ante 40
2fb29b8c: posts the ante 40
e97111c8: posts the ante 40
4e1d8507: posts the ante 40
b907cc88: posts the ante 40
Hero: posts the ante 40
Hero: posts small blind 150
e97111c8: posts big blind 300
*** HOLE CARDS ***
Dealt to aca8e213 
Dealt to 4e1d8507 
Dealt to 2fb29b8c 
Dealt to b907cc88 
Dealt to Hero [Jh Kc]
Dealt to e97111c8 
aca8e213: calls 300
4e1d8507: calls 300
2fb29b8c: folds
b907cc88: calls 300
Hero: calls 150
e97111c8: checks
*** FLOP *** [Tc 8h 9d]
Hero: checks
e97111c8: bets 575
aca8e213: raises 17,259 to 17,834 and is all-in
4e1d8507: folds
b907cc88: folds
Hero: folds
e97111c8: folds
Uncalled bet (17,259) returned to aca8e213
*** SHOWDOWN ***
aca8e213 collected 2,890 from pot
*** SUMMARY ***
Total pot 2,890 | Rake 0 | Jackpot 0 | Bingo 0 | Fortune 0 | Tax 0
Board [Tc 8h 9d]
Seat 1: aca8e213 won (2,890)
Seat 2: 4e1d8507 folded on the Flop
Seat 3: 2fb29b8c folded before Flop
Seat 4: b907cc88 (button) folded on the Flop
Seat 5: Hero (small blind) folded on the Flop
Seat 6: e97111c8 (big blind) folded on the Flop


Poker Hand #TM3613559603: Tournament #156715867, Private Tournament #688701 Hold'em No Limit - Level8(150/300) - 2024/08/24 20:36:21
Table '8' 6-max Seat #3 is the button
Seat 1: aca8e213 (18,214 in chips)
Seat 2: 4e1d8507 (7,232 in chips)
Seat 3: 2fb29b8c (3,994 in chips)
Seat 4: b907cc88 (4,327 in chips)
Seat 5: Hero (11,364 in chips)
Seat 6: e97111c8 (11,417 in chips)
aca8e213: posts the ante 40
2fb29b8c: posts the ante 40
e97111c8: posts the ante 40
4e1d8507: posts the ante 40
Hero: posts the ante 40
b907cc88: posts the ante 40
b907cc88: posts small blind 150
Hero: posts big blind 300
*** HOLE CARDS ***
Dealt to aca8e213 
Dealt to 4e1d8507 
Dealt to 2fb29b8c 
Dealt to b907cc88 
Dealt to Hero [Ts 4d]
Dealt to e97111c8 
e97111c8: folds
aca8e213: folds
4e1d8507: raises 600 to 900
2fb29b8c: folds
b907cc88: raises 3,387 to 4,287 and is all-in
Hero: folds
4e1d8507: calls 3,387
b907cc88: shows [2c 2h]
4e1d8507: shows [Kc Kd]
*** FLOP *** [2d As Js]
*** TURN *** [2d As Js] [7d]
*** RIVER *** [2d As Js 7d] [Qh]
*** SHOWDOWN ***
b907cc88 collected 9,114 from pot
*** SUMMARY ***
Total pot 9,114 | Rake 0 | Jackpot 0 | Bingo 0 | Fortune 0 | Tax 0
Board [2d As Js 7d Qh]
Seat 1: aca8e213 folded before Flop
Seat 2: 4e1d8507 showed [Kc Kd] and lost with Pair of Kings
Seat 3: 2fb29b8c (button) folded before Flop
Seat 4: b907cc88 (small blind) showed [2c 2h] and won (9,114) with Three Twos
Seat 5: Hero (big blind) folded before Flop
Seat 6: e97111c8 folded before Flop


Poker Hand #TM3613559589: Tournament #156715867, Private Tournament #688701 Hold'em No Limit - Level8(150/300) - 2024/08/24 20:35:56
Table '8' 6-max Seat #1 is the button
Seat 1: aca8e213 (18,554 in chips)
Seat 3: 2fb29b8c (4,184 in chips)
Seat 4: b907cc88 (3,417 in chips)
Seat 5: Hero (11,404 in chips)
Seat 6: e97111c8 (11,757 in chips)
aca8e213: posts the ante 40
2fb29b8c: posts the ante 40
e97111c8: posts the ante 40
Hero: posts the ante 40
b907cc88: posts the ante 40
2fb29b8c: posts small blind 150
b907cc88: posts big blind 300
*** HOLE CARDS ***
Dealt to aca8e213 
Dealt to 2fb29b8c 
Dealt to b907cc88 
Dealt to Hero [3s 7d]
Dealt to e97111c8 
Hero: folds
e97111c8: calls 300
aca8e213: calls 300
2fb29b8c: folds
b907cc88: raises 3,077 to 3,377 and is all-in
e97111c8: folds
aca8e213: folds
Uncalled bet (3,077) returned to b907cc88
*** SHOWDOWN ***
b907cc88 collected 1,250 from pot
*** SUMMARY ***
Total pot 1,250 | Rake 0 | Jackpot 0 | Bingo 0 | Fortune 0 | Tax 0
Seat 1: aca8e213 (button) folded before Flop
Seat 3: 2fb29b8c (small blind) folded before Flop
Seat 4: b907cc88 (big blind) collected (1,250)
Seat 5: Hero folded before Flop
Seat 6: e97111c8 folded before Flop


Poker Hand #TM3613559578: Tournament #156715867, Private Tournament #688701 Hold'em No Limit - Level8(150/300) - 2024/08/24 20:35:37
Table '8' 6-max Seat #6 is the button
Seat 1: aca8e213 (17,794 in chips)
Seat 3: 2fb29b8c (4,524 in chips)
Seat 4: b907cc88 (3,457 in chips)
Seat 5: Hero (11,744 in chips)
Seat 6: e97111c8 (11,797 in chips)
aca8e213: posts the ante 40
2fb29b8c: posts the ante 40
e97111c8: posts the ante 40
Hero: posts the ante 40
b907cc88: posts the ante 40
aca8e213: posts small blind 150
2fb29b8c: posts big blind 300
*** HOLE CARDS ***
Dealt to aca8e213 
Dealt to 2fb29b8c 
Dealt to b907cc88 
Dealt to Hero [5d 5c]
Dealt to e97111c8 
b907cc88: folds
Hero: calls 300
e97111c8: folds
aca8e213: raises 1,100 to 1,400
2fb29b8c: folds
Hero: folds
Uncalled bet (1,100) returned to aca8e213
*** SHOWDOWN ***
aca8e213 collected 1,100 from pot
*** SUMMARY ***
Total pot 1,100 | Rake 0 | Jackpot 0 | Bingo 0 | Fortune 0 | Tax 0
Seat 1: aca8e213 (small blind) collected (1,100)
Seat 3: 2fb29b8c (big blind) folded before Flop
Seat 4: b907cc88 folded before Flop
Seat 5: Hero folded before Flop
Seat 6: e97111c8 (button) folded before Flop


Poker Hand #TM3613559556: Tournament #156715867, Private Tournament #688701 Hold'em No Limit - Level7(125/250) - 2024/08/24 20:34:57
Table '8' 6-max Seat #5 is the button
Seat 1: aca8e213 (17,519 in chips)
Seat 2: b59064ce (11,172 in chips)
Seat 3: 2fb29b8c (4,554 in chips)
Seat 4: b907cc88 (3,487 in chips)
Seat 5: Hero (11,774 in chips)
Seat 6: e97111c8 (11,952 in chips)
aca8e213: posts the ante 30
2fb29b8c: posts the ante 30
b59064ce: posts the ante 30
e97111c8: posts the ante 30
Hero: posts the ante 30
b907cc88: posts the ante 30
e97111c8: posts small blind 125
aca8e213: posts big blind 250
*** HOLE CARDS ***
Dealt to aca8e213 
Dealt to b59064ce 
Dealt to 2fb29b8c 
Dealt to b907cc88 
Dealt to Hero [Th 8c]
Dealt to e97111c8 
b59064ce: folds
2fb29b8c: folds
b907cc88: folds
Hero: folds
e97111c8: folds
Uncalled bet (125) returned to aca8e213
*** SHOWDOWN ***
aca8e213 collected 430 from pot
*** SUMMARY ***
Total pot 430 | Rake 0 | Jackpot 0 | Bingo 0 | Fortune 0 | Tax 0
Seat 1: aca8e213 (big blind) collected (430)
Seat 2: b59064ce folded before Flop
Seat 3: 2fb29b8c folded before Flop
Seat 4: b907cc88 folded before Flop
Seat 5: Hero (button) folded before Flop
Seat 6: e97111c8 (small blind) folded before Flop


Poker Hand #TM3613559552: Tournament #156715867, Private Tournament #688701 Hold'em No Limit - Level7(125/250) - 2024/08/24 20:34:42
Table '8' 6-max Seat #4 is the button
Seat 1: aca8e213 (17,549 in chips)
Seat 2: b59064ce (11,202 in chips)
Seat 3: 2fb29b8c (4,584 in chips)
Seat 4: b907cc88 (3,517 in chips)
Seat 5: Hero (11,929 in chips)
Seat 6: e97111c8 (11,677 in chips)
aca8e213: posts the ante 30
2fb29b8c: posts the ante 30
b59064ce: posts the ante 30
e97111c8: posts the ante 30
b907cc88: posts the ante 30
Hero: posts the ante 30
Hero: posts small blind 125
e97111c8: posts big blind 250
*** HOLE CARDS ***
Dealt to aca8e213 
Dealt to b59064ce 
Dealt to 2fb29b8c 
Dealt to b907cc88 
Dealt to Hero [Qs 8h]
Dealt to e97111c8 
aca8e213: folds
b59064ce: folds
2fb29b8c: folds
b907cc88: folds
Hero: folds
Uncalled bet (125) returned to e97111c8
*** SHOWDOWN ***
e97111c8 collected 430 from pot
*** SUMMARY ***
Total pot 430 | Rake 0 | Jackpot 0 | Bingo 0 | Fortune 0 | Tax 0
Seat 1: aca8e213 folded before Flop
Seat 2: b59064ce folded before Flop
Seat 3: 2fb29b8c folded before Flop
Seat 4: b907cc88 (button) folded before Flop
Seat 5: Hero (small blind) folded before Flop
Seat 6: e97111c8 (big blind) collected (430)


Poker Hand #TM3613559531: Tournament #156715867, Private Tournament #688701 Hold'em No Limit - Level7(125/250) - 2024/08/24 20:34:09
Table '8' 6-max Seat #3 is the button
Seat 1: aca8e213 (17,579 in chips)
Seat 2: b59064ce (11,232 in chips)
Seat 3: 2fb29b8c (4,614 in chips)
Seat 4: b907cc88 (3,672 in chips)
Seat 5: Hero (12,475 in chips)
Seat 6: e97111c8 (10,886 in chips)
aca8e213: posts the ante 30
2fb29b8c: posts the ante 30
b59064ce: posts the ante 30
e97111c8: posts the ante 30
Hero: posts the ante 30
b907cc88: posts the ante 30
b907cc88: posts small blind 125
Hero: posts big blind 250
*** HOLE CARDS ***
Dealt to aca8e213 
Dealt to b59064ce 
Dealt to 2fb29b8c 
Dealt to b907cc88 
Dealt to Hero [Qh Kh]
Dealt to e97111c8 
e97111c8: calls 250
aca8e213: folds
b59064ce: folds
2fb29b8c: folds
b907cc88: folds
Hero: raises 266 to 516
e97111c8: calls 266
*** FLOP *** [As 9c Td]
Hero: checks
e97111c8: bets 669
Hero: folds
Uncalled bet (669) returned to e97111c8
*** SHOWDOWN ***
e97111c8 collected 1,337 from pot
*** SUMMARY ***
Total pot 1,337 | Rake 0 | Jackpot 0 | Bingo 0 | Fortune 0 | Tax 0
Board [As 9c Td]
Seat 1: aca8e213 folded before Flop
Seat 2: b59064ce folded before Flop
Seat 3: 2fb29b8c (button) folded before Flop
Seat 4: b907cc88 (small blind) folded before Flop
Seat 5: Hero (big blind) folded on the Flop
Seat 6: e97111c8 won (1,337)


Poker Hand #TM3613559514: Tournament #156715867, Private Tournament #688701 Hold'em No Limit - Level7(125/250) - 2024/08/24 20:33:34
Table '8' 6-max Seat #1 is the button
Seat 1: aca8e213 (17,609 in chips)
Seat 3: 2fb29b8c (4,769 in chips)
Seat 4: b907cc88 (3,952 in chips)
Seat 5: Hero (13,592 in chips)
Seat 6: e97111c8 (9,304 in chips)
aca8e213: posts the ante 30
2fb29b8c: posts the ante 30
e97111c8: posts the ante 30
Hero: posts the ante 30
b907cc88: posts the ante 30
2fb29b8c: posts small blind 125
b907cc88: posts big blind 250
*** HOLE CARDS ***
Dealt to aca8e213 
Dealt to 2fb29b8c 
Dealt to b907cc88 
Dealt to Hero [Jc Kc]
Dealt to e97111c8 
Hero: raises 300 to 550
e97111c8: calls 550
aca8e213: folds
2fb29b8c: folds
b907cc88: folds
*** FLOP *** [Td 4h Qh]
Hero: bets 537
e97111c8: calls 537
*** TURN *** [Td 4h Qh] [5h]
Hero: checks
e97111c8: bets 1,350
Hero: folds
Uncalled bet (1,350) returned to e97111c8
e97111c8: shows [Ah] (Ace-High)
*** SHOWDOWN ***
e97111c8 collected 2,699 from pot
*** SUMMARY ***
Total pot 2,699 | Rake 0 | Jackpot 0 | Bingo 0 | Fortune 0 | Tax 0
Board [Td 4h Qh 5h]
Seat 1: aca8e213 (button) folded before Flop
Seat 3: 2fb29b8c (small blind) folded before Flop
Seat 4: b907cc88 (big blind) folded before Flop
Seat 5: Hero folded on the Turn
Seat 6: e97111c8 showed [Ah] and won (2,699)


Poker Hand #TM3613559500: Tournament #156715867, Private Tournament #688701 Hold'em No Limit - Level7(125/250) - 2024/08/24 20:33:13
Table '8' 6-max Seat #6 is the button
Seat 1: aca8e213 (17,889 in chips)
Seat 3: 2fb29b8c (4,399 in chips)
Seat 4: b907cc88 (3,982 in chips)
Seat 5: Hero (13,622 in chips)
Seat 6: e97111c8 (9,334 in chips)
aca8e213: posts the ante 30
2fb29b8c: posts the ante 30
e97111c8: posts the ante 30
Hero: posts the ante 30
b907cc88: posts the ante 30
aca8e213: posts small blind 125
2fb29b8c: posts big blind 250
*** HOLE CARDS ***
Dealt to aca8e213 
Dealt to 2fb29b8c 
Dealt to b907cc88 
Dealt to Hero [3c Th]
Dealt to e97111c8 
b907cc88: folds
Hero: folds
e97111c8: folds
aca8e213: calls 125
2fb29b8c: checks
*** FLOP *** [4s 3d 7c]
aca8e213: checks
2fb29b8c: bets 325
aca8e213: folds
Uncalled bet (325) returned to 2fb29b8c
*** SHOWDOWN ***
2fb29b8c collected 650 from pot
*** SUMMARY ***
Total pot 650 | Rake 0 | Jackpot 0 | Bingo 0 | Fortune 0 | Tax 0
Board [4s 3d 7c]
Seat 1: aca8e213 (small blind) folded on the Flop
Seat 3: 2fb29b8c (big blind) won (650)
Seat 4: b907cc88 folded before Flop
Seat 5: Hero folded before Flop
Seat 6: e97111c8 (button) folded before Flop


Poker Hand #TM3613559475: Tournament #156715867, Private Tournament #688701 Hold'em No Limit - Level7(125/250) - 2024/08/24 20:32:21
Table '8' 6-max Seat #5 is the button
Seat 1: aca8e213 (18,419 in chips)
Seat 2: 5b3be159 (12,641 in chips)
Seat 3: 2fb29b8c (3,654 in chips)
Seat 5: Hero (13,652 in chips)
Seat 6: e97111c8 (9,489 in chips)
5b3be159: posts the ante 30
aca8e213: posts the ante 30
2fb29b8c: posts the ante 30
e97111c8: posts the ante 30
Hero: posts the ante 30
e97111c8: posts small blind 125
aca8e213: posts big blind 250
*** HOLE CARDS ***
Dealt to aca8e213 
Dealt to 5b3be159 
Dealt to 2fb29b8c 
Dealt to Hero [9d 4d]
Dealt to e97111c8 
5b3be159: folds
2fb29b8c: raises 250 to 500
Hero: folds
e97111c8: folds
aca8e213: calls 250
*** FLOP *** [Kh Td 9s]
aca8e213: checks
2fb29b8c: checks
*** TURN *** [Kh Td 9s] [6s]
aca8e213: checks
2fb29b8c: checks
*** RIVER *** [Kh Td 9s 6s] [8c]
aca8e213: checks
2fb29b8c: checks
aca8e213: shows [3c 4c] (King-High)
2fb29b8c: shows [Ah Qd] (Ace-High)
*** SHOWDOWN ***
2fb29b8c collected 1,275 from pot
*** SUMMARY ***
Total pot 1,275 | Rake 0 | Jackpot 0 | Bingo 0 | Fortune 0 | Tax 0
Board [Kh Td 9s 6s 8c]
Seat 1: aca8e213 (big blind) showed [3c 4c] and lost with King-High
Seat 2: 5b3be159 folded before Flop
Seat 3: 2fb29b8c showed [Ah Qd] and won (1,275) with Ace-High
Seat 5: Hero (button) folded before Flop
Seat 6: e97111c8 (small blind) folded before Flop


Poker Hand #TM3613559440: Tournament #156715867, Private Tournament #688701 Hold'em No Limit - Level7(125/250) - 2024/08/24 20:31:19
Table '8' 6-max Seat #3 is the button
Seat 1: aca8e213 (18,699 in chips)
Seat 2: 5b3be159 (14,671 in chips)
Seat 3: 2fb29b8c (3,684 in chips)
Seat 4: e2ea969d (5,032 in chips)
Seat 5: Hero (6,250 in chips)
Seat 6: e97111c8 (9,519 in chips)
e2ea969d: posts the ante 30
5b3be159: posts the ante 30
aca8e213: posts the ante 30
2fb29b8c: posts the ante 30
e97111c8: posts the ante 30
Hero: posts the ante 30
e2ea969d: posts small blind 125
Hero: posts big blind 250
*** HOLE CARDS ***
Dealt to aca8e213 
Dealt to 5b3be159 
Dealt to 2fb29b8c 
Dealt to e2ea969d 
Dealt to Hero [As Ad]
Dealt to e97111c8 
e97111c8: folds
aca8e213: calls 250
5b3be159: raises 1,750 to 2,000
2fb29b8c: folds
e2ea969d: raises 3,002 to 5,002 and is all-in
Hero: raises 1,218 to 6,220 and is all-in
aca8e213: folds
5b3be159: folds
Uncalled bet (1,218) returned to Hero
Hero: shows [As Ad]
e2ea969d: shows [Qh Qd]
*** FLOP *** [3s 8c 3c]
*** TURN *** [3s 8c 3c] [Js]
*** RIVER *** [3s 8c 3c Js] [6d]
5b3be159: shows [7h 7c] (Pair of Sevens and Pair of Treys)
*** SHOWDOWN ***
Hero collected 12,434 from pot
*** SUMMARY ***
Total pot 12,434 | Rake 0 | Jackpot 0 | Bingo 0 | Fortune 0 | Tax 0
Board [3s 8c 3c Js 6d]
Seat 1: aca8e213 folded before Flop
Seat 2: 5b3be159 folded before Flop
Seat 3: 2fb29b8c (button) folded before Flop
Seat 4: e2ea969d (small blind) showed [Qh Qd] and lost with Pair of Queens and Pair of Treys
Seat 5: Hero (big blind) showed [As Ad] and won (12,434) with Pair of Aces and Pair of Treys
Seat 6: e97111c8 folded before Flop


Poker Hand #TM3613559410: Tournament #156715867, Private Tournament #688701 Hold'em No Limit - Level7(125/250) - 2024/08/24 20:30:23
Table '8' 6-max Seat #2 is the button
Seat 2: 5b3be159 (14,701 in chips)
Seat 3: 2fb29b8c (3,839 in chips)
Seat 4: e2ea969d (5,312 in chips)
Seat 5: Hero (6,280 in chips)
Seat 6: e97111c8 (9,024 in chips)
e2ea969d: posts the ante 30
5b3be159: posts the ante 30
2fb29b8c: posts the ante 30
e97111c8: posts the ante 30
Hero: posts the ante 30
2fb29b8c: posts small blind 125
e2ea969d: posts big blind 250
*** HOLE CARDS ***
Dealt to 5b3be159 
Dealt to 2fb29b8c 
Dealt to e2ea969d 
Dealt to Hero [5d Ks]
Dealt to e97111c8 
Hero: folds
e97111c8: calls 250
5b3be159: folds
2fb29b8c: folds
e2ea969d: checks
*** FLOP *** [4h 6h 6s]
e2ea969d: checks
e97111c8: bets 256
e2ea969d: folds
Uncalled bet (256) returned to e97111c8
*** SHOWDOWN ***
e97111c8 collected 775 from pot
*** SUMMARY ***
Total pot 775 | Rake 0 | Jackpot 0 | Bingo 0 | Fortune 0 | Tax 0
Board [4h 6h 6s]
Seat 2: 5b3be159 (button) folded before Flop
Seat 3: 2fb29b8c (small blind) folded before Flop
Seat 4: e2ea969d (big blind) folded on the Flop
Seat 5: Hero folded before Flop
Seat 6: e97111c8 won (775)


Poker Hand #TM3613559353: Tournament #156715867, Private Tournament #688701 Hold'em No Limit - Level6(100/200) - 2024/08/24 20:28:32
Table '8' 6-max Seat #6 is the button
Seat 1: 12776acf (10 in chips)
Seat 2: 5b3be159 (14,926 in chips)
Seat 3: 2fb29b8c (4,064 in chips)
Seat 4: e2ea969d (4,602 in chips)
Seat 5: Hero (6,305 in chips)
Seat 6: e97111c8 (9,249 in chips)
e2ea969d: posts the ante 25
5b3be159: posts the ante 25
2fb29b8c: posts the ante 25
e97111c8: posts the ante 25
Hero: posts the ante 25
12776acf: posts the ante 10
12776acf: posts small blind 0
5b3be159: posts big blind 200
*** HOLE CARDS ***
Dealt to 12776acf 
Dealt to 5b3be159 
Dealt to 2fb29b8c 
Dealt to e2ea969d 
Dealt to Hero [3s 9c]
Dealt to e97111c8 
2fb29b8c: calls 200
e2ea969d: calls 200
Hero: folds
e97111c8: calls 200
12776acf: folds
5b3be159: checks
*** FLOP *** [Ks Tc 4c]
5b3be159: checks
2fb29b8c: checks
e2ea969d: checks
e97111c8: checks
*** TURN *** [Ks Tc 4c] [5c]
5b3be159: checks
2fb29b8c: checks
e2ea969d: checks
e97111c8: checks
*** RIVER *** [Ks Tc 4c 5c] [2d]
5b3be159: checks
2fb29b8c: checks
e2ea969d: bets 935
e97111c8: folds
5b3be159: folds
2fb29b8c: folds
Uncalled bet (935) returned to e2ea969d
*** SHOWDOWN ***
e2ea969d collected 60 from pot
e2ea969d collected 875 from pot
*** SUMMARY ***
Total pot 935 | Rake 0 | Jackpot 0 | Bingo 0 | Fortune 0 | Tax 0
Board [Ks Tc 4c 5c 2d]
Seat 1: 12776acf (small blind) folded before Flop
Seat 2: 5b3be159 (big blind) folded on the River
Seat 3: 2fb29b8c folded on the River
Seat 4: e2ea969d won (935)
Seat 5: Hero folded before Flop
Seat 6: e97111c8 (button) folded on the River


Poker Hand #TM3613559326: Tournament #156715867, Private Tournament #688701 Hold'em No Limit - Level6(100/200) - 2024/08/24 20:27:45
Table '8' 6-max Seat #5 is the button
Seat 1: 12776acf (235 in chips)
Seat 2: 5b3be159 (14,951 in chips)
Seat 3: 2fb29b8c (1,832 in chips)
Seat 4: e2ea969d (6,434 in chips)
Seat 5: Hero (6,330 in chips)
Seat 6: e97111c8 (9,374 in chips)
e2ea969d: posts the ante 25
5b3be159: posts the ante 25
2fb29b8c: posts the ante 25
e97111c8: posts the ante 25
Hero: posts the ante 25
12776acf: posts the ante 25
e97111c8: posts small blind 100
12776acf: posts big blind 200
*** HOLE CARDS ***
Dealt to 12776acf 
Dealt to 5b3be159 
Dealt to 2fb29b8c 
Dealt to e2ea969d 
Dealt to Hero [5h 9d]
Dealt to e97111c8 
5b3be159: folds
2fb29b8c: raises 1,607 to 1,807 and is all-in
e2ea969d: calls 1,807
Hero: folds
e97111c8: folds
12776acf: folds
2fb29b8c: shows [6d 6h]
e2ea969d: shows [Ac 5s]
*** FLOP *** [2s 7d Qh]
*** TURN *** [2s 7d Qh] [3s]
*** RIVER *** [2s 7d Qh 3s] [9c]
*** SHOWDOWN ***
2fb29b8c collected 4,064 from pot
*** SUMMARY ***
Total pot 4,064 | Rake 0 | Jackpot 0 | Bingo 0 | Fortune 0 | Tax 0
Board [2s 7d Qh 3s 9c]
Seat 1: 12776acf (big blind) folded before Flop
Seat 2: 5b3be159 folded before Flop
Seat 3: 2fb29b8c showed [6d 6h] and won (4,064) with Pair of Sixes
Seat 4: e2ea969d showed [Ac 5s] and lost with Ace-High
Seat 5: Hero (button) folded before Flop
Seat 6: e97111c8 (small blind) folded before Flop


Poker Hand #TM3613559314: Tournament #156715867, Private Tournament #688701 Hold'em No Limit - Level6(100/200) - 2024/08/24 20:27:17
Table '8' 6-max Seat #4 is the button
Seat 1: 12776acf (260 in chips)
Seat 2: 5b3be159 (14,976 in chips)
Seat 3: 2fb29b8c (1,857 in chips)
Seat 4: e2ea969d (6,459 in chips)
Seat 5: Hero (6,455 in chips)
Seat 6: e97111c8 (9,149 in chips)
e2ea969d: posts the ante 25
5b3be159: posts the ante 25
2fb29b8c: posts the ante 25
e97111c8: posts the ante 25
Hero: posts the ante 25
12776acf: posts the ante 25
Hero: posts small blind 100
e97111c8: posts big blind 200
*** HOLE CARDS ***
Dealt to 12776acf 
Dealt to 5b3be159 
Dealt to 2fb29b8c 
Dealt to e2ea969d 
Dealt to Hero [Jh 7c]
Dealt to e97111c8 
12776acf: folds
5b3be159: folds
2fb29b8c: folds
e2ea969d: folds
Hero: folds
Uncalled bet (100) returned to e97111c8
*** SHOWDOWN ***
e97111c8 collected 350 from pot
*** SUMMARY ***
Total pot 350 | Rake 0 | Jackpot 0 | Bingo 0 | Fortune 0 | Tax 0
Seat 1: 12776acf folded before Flop
Seat 2: 5b3be159 folded before Flop
Seat 3: 2fb29b8c folded before Flop
Seat 4: e2ea969d (button) folded before Flop
Seat 5: Hero (small blind) folded before Flop
Seat 6: e97111c8 (big blind) collected (350)


Poker Hand #TM3613559288: Tournament #156715867, Private Tournament #688701 Hold'em No Limit - Level6(100/200) - 2024/08/24 20:26:37
Table '8' 6-max Seat #3 is the button
Seat 1: 12776acf (3,400 in chips)
Seat 2: 5b3be159 (15,001 in chips)
Seat 3: 2fb29b8c (1,882 in chips)
Seat 4: e2ea969d (6,584 in chips)
Seat 5: Hero (3,140 in chips)
e2ea969d: posts the ante 25
5b3be159: posts the ante 25
2fb29b8c: posts the ante 25
Hero: posts the ante 25
12776acf: posts the ante 25
e2ea969d: posts small blind 100
Hero: posts big blind 200
*** HOLE CARDS ***
Dealt to 12776acf 
Dealt to 5b3be159 
Dealt to 2fb29b8c 
Dealt to e2ea969d 
Dealt to Hero [Ad Qd]
12776acf: raises 3,175 to 3,375 and is all-in
5b3be159: folds
2fb29b8c: folds
e2ea969d: folds
Hero: calls 2,915 and is all-in
Uncalled bet (260) returned to 12776acf
12776acf: shows [4d 4h]
Hero: shows [Ad Qd]
*** FLOP *** [7s 8c Kc]
*** TURN *** [7s 8c Kc] [Jd]
*** RIVER *** [7s 8c Kc Jd] [Td]
*** SHOWDOWN ***
Hero collected 6,455 from pot
*** SUMMARY ***
Total pot 6,455 | Rake 0 | Jackpot 0 | Bingo 0 | Fortune 0 | Tax 0
Board [7s 8c Kc Jd Td]
Seat 1: 12776acf showed [4d 4h] and lost with Pair of Fours
Seat 2: 5b3be159 folded before Flop
Seat 3: 2fb29b8c (button) folded before Flop
Seat 4: e2ea969d (small blind) folded before Flop
Seat 5: Hero (big blind) showed [Ad Qd] and won (6,455) with Aces-High Straight


Poker Hand #TM3613559273: Tournament #156715867, Private Tournament #688701 Hold'em No Limit - Level6(100/200) - 2024/08/24 20:26:08
Table '8' 6-max Seat #2 is the button
Seat 1: 12776acf (3,000 in chips)
Seat 2: 5b3be159 (15,026 in chips)
Seat 3: 2fb29b8c (2,007 in chips)
Seat 4: e2ea969d (6,809 in chips)
Seat 5: Hero (3,165 in chips)
e2ea969d: posts the ante 25
5b3be159: posts the ante 25
2fb29b8c: posts the ante 25
Hero: posts the ante 25
12776acf: posts the ante 25
2fb29b8c: posts small blind 100
e2ea969d: posts big blind 200
*** HOLE CARDS ***
Dealt to 12776acf 
Dealt to 5b3be159 
Dealt to 2fb29b8c 
Dealt to e2ea969d 
Dealt to Hero [8s 7h]
Hero: folds
12776acf: raises 2,775 to 2,975 and is all-in
5b3be159: folds
2fb29b8c: folds
e2ea969d: folds
Uncalled bet (2,775) returned to 12776acf
*** SHOWDOWN ***
12776acf collected 625 from pot
*** SUMMARY ***
Total pot 625 | Rake 0 | Jackpot 0 | Bingo 0 | Fortune 0 | Tax 0
Seat 1: 12776acf collected (625)
Seat 2: 5b3be159 (button) folded before Flop
Seat 3: 2fb29b8c (small blind) folded before Flop
Seat 4: e2ea969d (big blind) folded before Flop
Seat 5: Hero folded before Flop


Poker Hand #TM3613559232: Tournament #156715867, Private Tournament #688701 Hold'em No Limit - Level6(100/200) - 2024/08/24 20:25:03
Table '8' 6-max Seat #5 is the button
Seat 2: 5b3be159 (12,640 in chips)
Seat 3: 2fb29b8c (2,232 in chips)
Seat 4: e2ea969d (6,834 in chips)
Seat 5: Hero (3,190 in chips)
Seat 6: bdeedcff (2,111 in chips)
bdeedcff: posts the ante 25
e2ea969d: posts the ante 25
5b3be159: posts the ante 25
2fb29b8c: posts the ante 25
Hero: posts the ante 25
bdeedcff: posts small blind 100
5b3be159: posts big blind 200
*** HOLE CARDS ***
Dealt to 5b3be159 
Dealt to 2fb29b8c 
Dealt to e2ea969d 
Dealt to Hero [5d Jd]
Dealt to bdeedcff 
2fb29b8c: calls 200
e2ea969d: folds
Hero: folds
bdeedcff: calls 100
5b3be159: raises 12,415 to 12,615 and is all-in
2fb29b8c: folds
bdeedcff: calls 1,886 and is all-in
Uncalled bet (10,529) returned to 5b3be159
5b3be159: shows [6c As]
bdeedcff: shows [Ad 5h]
*** FLOP *** [4h 3s 7h]
*** TURN *** [4h 3s 7h] [Js]
*** RIVER *** [4h 3s 7h Js] [8c]
*** SHOWDOWN ***
5b3be159 collected 4,497 from pot
*** SUMMARY ***
Total pot 4,497 | Rake 0 | Jackpot 0 | Bingo 0 | Fortune 0 | Tax 0
Board [4h 3s 7h Js 8c]
Seat 2: 5b3be159 (big blind) showed [6c As] and won (4,497) with Ace-High
Seat 3: 2fb29b8c folded before Flop
Seat 4: e2ea969d folded before Flop
Seat 5: Hero (button) folded before Flop
Seat 6: bdeedcff (small blind) showed [Ad 5h] and lost with Ace-High


Poker Hand #TM3613559216: Tournament #156715867, Private Tournament #688701 Hold'em No Limit - Level5(75/150) - 2024/08/24 20:24:35
Table '8' 6-max Seat #4 is the button
Seat 2: 5b3be159 (12,660 in chips)
Seat 3: 2fb29b8c (1,927 in chips)
Seat 4: e2ea969d (6,854 in chips)
Seat 5: Hero (3,285 in chips)
Seat 6: bdeedcff (2,281 in chips)
bdeedcff: posts the ante 20
e2ea969d: posts the ante 20
5b3be159: posts the ante 20
2fb29b8c: posts the ante 20
Hero: posts the ante 20
Hero: posts small blind 75
bdeedcff: posts big blind 150
*** HOLE CARDS ***
Dealt to 5b3be159 
Dealt to 2fb29b8c 
Dealt to e2ea969d 
Dealt to Hero [Ks 4c]
Dealt to bdeedcff 
5b3be159: folds
2fb29b8c: raises 150 to 300
e2ea969d: folds
Hero: folds
bdeedcff: folds
Uncalled bet (150) returned to 2fb29b8c
*** SHOWDOWN ***
2fb29b8c collected 475 from pot
*** SUMMARY ***
Total pot 475 | Rake 0 | Jackpot 0 | Bingo 0 | Fortune 0 | Tax 0
Seat 2: 5b3be159 folded before Flop
Seat 3: 2fb29b8c collected (475)
Seat 4: e2ea969d (button) folded before Flop
Seat 5: Hero (small blind) folded before Flop
Seat 6: bdeedcff (big blind) folded before Flop


Poker Hand #TM3613559171: Tournament #156715867, Private Tournament #688701 Hold'em No Limit - Level5(75/150) - 2024/08/24 20:23:23
Table '8' 6-max Seat #3 is the button
Seat 1: ac6ceda2 (3,177 in chips)
Seat 2: 5b3be159 (9,178 in chips)
Seat 3: 2fb29b8c (1,947 in chips)
Seat 4: e2ea969d (6,949 in chips)
Seat 5: Hero (3,455 in chips)
Seat 6: bdeedcff (2,301 in chips)
bdeedcff: posts the ante 20
e2ea969d: posts the ante 20
ac6ceda2: posts the ante 20
5b3be159: posts the ante 20
2fb29b8c: posts the ante 20
Hero: posts the ante 20
e2ea969d: posts small blind 75
Hero: posts big blind 150
*** HOLE CARDS ***
Dealt to ac6ceda2 
Dealt to 5b3be159 
Dealt to 2fb29b8c 
Dealt to e2ea969d 
Dealt to Hero [4d Qd]
Dealt to bdeedcff 
bdeedcff: folds
ac6ceda2: calls 150
5b3be159: calls 150
2fb29b8c: folds
e2ea969d: folds
Hero: checks
*** FLOP *** [Td 8s 9s]
Hero: checks
ac6ceda2: bets 3,007 and is all-in
5b3be159: calls 3,007
Hero: folds
ac6ceda2: shows [As Kd] (Ace-High)
5b3be159: shows [7s 5h] (Ten-High)
*** TURN *** [Td 8s 9s] [7c]
*** RIVER *** [Td 8s 9s 7c] [9c]
*** SHOWDOWN ***
5b3be159 collected 6,659 from pot
*** SUMMARY ***
Total pot 6,659 | Rake 0 | Jackpot 0 | Bingo 0 | Fortune 0 | Tax 0
Board [Td 8s 9s 7c 9c]
Seat 1: ac6ceda2 showed [As Kd] and lost with Pair of Nines
Seat 2: 5b3be159 showed [7s 5h] and won (6,659) with Pair of Nines and Pair of Sevens
Seat 3: 2fb29b8c (button) folded before Flop
Seat 4: e2ea969d (small blind) folded before Flop
Seat 5: Hero (big blind) folded on the Flop
Seat 6: bdeedcff folded before Flop


Poker Hand #TM3613559134: Tournament #156715867, Private Tournament #688701 Hold'em No Limit - Level5(75/150) - 2024/08/24 20:22:22
Table '8' 6-max Seat #2 is the button
Seat 1: ac6ceda2 (3,197 in chips)
Seat 2: 5b3be159 (9,348 in chips)
Seat 3: 2fb29b8c (2,042 in chips)
Seat 4: e2ea969d (7,119 in chips)
Seat 5: Hero (2,980 in chips)
Seat 6: bdeedcff (2,321 in chips)
bdeedcff: posts the ante 20
e2ea969d: posts the ante 20
ac6ceda2: posts the ante 20
5b3be159: posts the ante 20
2fb29b8c: posts the ante 20
Hero: posts the ante 20
2fb29b8c: posts small blind 75
e2ea969d: posts big blind 150
*** HOLE CARDS ***
Dealt to ac6ceda2 
Dealt to 5b3be159 
Dealt to 2fb29b8c 
Dealt to e2ea969d 
Dealt to Hero [7d Ad]
Dealt to bdeedcff 
Hero: calls 150
bdeedcff: folds
ac6ceda2: folds
5b3be159: calls 150
2fb29b8c: folds
e2ea969d: checks
*** FLOP *** [2d 5h Ah]
e2ea969d: checks
Hero: checks
5b3be159: checks
*** TURN *** [2d 5h Ah] [Kd]
e2ea969d: checks
Hero: bets 323
5b3be159: folds
e2ea969d: folds
Uncalled bet (323) returned to Hero
*** SHOWDOWN ***
Hero collected 645 from pot
*** SUMMARY ***
Total pot 645 | Rake 0 | Jackpot 0 | Bingo 0 | Fortune 0 | Tax 0
Board [2d 5h Ah Kd]
Seat 1: ac6ceda2 folded before Flop
Seat 2: 5b3be159 (button) folded on the Turn
Seat 3: 2fb29b8c (small blind) folded before Flop
Seat 4: e2ea969d (big blind) folded on the Turn
Seat 5: Hero won (645)
Seat 6: bdeedcff folded before Flop


Poker Hand #TM3613559077: Tournament #156715867, Private Tournament #688701 Hold'em No Limit - Level5(75/150) - 2024/08/24 20:20:43
Table '8' 6-max Seat #1 is the button
Seat 1: ac6ceda2 (7,606 in chips)
Seat 2: 5b3be159 (4,409 in chips)
Seat 3: 2fb29b8c (2,512 in chips)
Seat 4: e2ea969d (7,139 in chips)
Seat 5: Hero (3,000 in chips)
Seat 6: bdeedcff (2,341 in chips)
bdeedcff: posts the ante 20
e2ea969d: posts the ante 20
ac6ceda2: posts the ante 20
5b3be159: posts the ante 20
2fb29b8c: posts the ante 20
Hero: posts the ante 20
5b3be159: posts small blind 75
2fb29b8c: posts big blind 150
*** HOLE CARDS ***
Dealt to ac6ceda2 
Dealt to 5b3be159 
Dealt to 2fb29b8c 
Dealt to e2ea969d 
Dealt to Hero [Ts 7h]
Dealt to bdeedcff 
e2ea969d: folds
Hero: folds
bdeedcff: folds
ac6ceda2: raises 300 to 450
5b3be159: calls 375
2fb29b8c: calls 300
*** FLOP *** [Tc Jh Th]
5b3be159: bets 450
2fb29b8c: folds
ac6ceda2: raises 783 to 1,233
5b3be159: calls 783
*** TURN *** [Tc Jh Th] [Qd]
5b3be159: bets 900
ac6ceda2: raises 5,003 to 5,903 and is all-in
5b3be159: calls 1,806 and is all-in
Uncalled bet (3,197) returned to ac6ceda2
ac6ceda2: shows [8c Ks] (Pair of Tens)
5b3be159: shows [Ah Qh] (Pair of Queens and Pair of Tens)
*** RIVER *** [Tc Jh Th Qd] [Kh]
*** SHOWDOWN ***
5b3be159 collected 9,348 from pot
*** SUMMARY ***
Total pot 9,348 | Rake 0 | Jackpot 0 | Bingo 0 | Fortune 0 | Tax 0
Board [Tc Jh Th Qd Kh]
Seat 1: ac6ceda2 (button) showed [8c Ks] and lost with Pair of Kings and Pair of Tens
Seat 2: 5b3be159 (small blind) showed [Ah Qh] and won (9,348) with Royal Flush
Seat 3: 2fb29b8c (big blind) folded on the Flop
Seat 4: e2ea969d folded before Flop
Seat 5: Hero folded before Flop
Seat 6: bdeedcff folded before Flop


