Poker Hand #TM3556834412: Tournament #156786464, Bounty Hunters Mini Big Game $2.50 Hold'em No Limit - Level11(3,000/6,000) - 2024/08/06 21:31:42
Table '251' 8-max Seat #5 is the button
Seat 1: 8f37c8f4 (383,162 in chips)
Seat 2: bf9765f3 (539,066 in chips)
Seat 3: e06a77fc (531,953 in chips)
Seat 4: a68c54b2 (233,104 in chips)
Seat 5: d625f848 (98,224 in chips)
Seat 6: bf70ddde (108,666 in chips)
Seat 7: e80fa842 (491,962 in chips)
Seat 8: Hero (229,712 in chips)
a68c54b2: posts the ante 900
8f37c8f4: posts the ante 900
e06a77fc: posts the ante 900
bf9765f3: posts the ante 900
d625f848: posts the ante 900
bf70ddde: posts the ante 900
Hero: posts the ante 900
e80fa842: posts the ante 900
bf70ddde: posts small blind 3,000
e80fa842: posts big blind 6,000
*** HOLE CARDS ***
Dealt to 8f37c8f4 
Dealt to bf9765f3 
Dealt to e06a77fc 
Dealt to a68c54b2 
Dealt to d625f848 
Dealt to bf70ddde 
Dealt to e80fa842 
Dealt to Hero [Qs Ah]
Hero: raises 9,000 to 15,000
8f37c8f4: folds
bf9765f3: calls 15,000
e06a77fc: folds
a68c54b2: folds
d625f848: calls 15,000
bf70ddde: folds
e80fa842: folds
*** FLOP *** [Th 9s 8d]
Hero: checks
bf9765f3: bets 20,196
d625f848: calls 20,196
Hero: calls 20,196
*** TURN *** [Th 9s 8d] [Qh]
Hero: checks
bf9765f3: bets 78,000
d625f848: calls 62,128 and is all-in
Hero: raises 115,616 to 193,616 and is all-in
bf9765f3: calls 115,616
Hero: shows [Qs Ah] (Pair of Queens)
bf9765f3: shows [Qd Jc] (Queens-High Straight)
d625f848: shows [Jd As] (Queens-High Straight)
*** RIVER *** [Th 9s 8d Qh] [8s]
*** SHOWDOWN ***
d625f848 collected 154,086 from pot
bf9765f3 collected 154,086 from pot
bf9765f3 collected 262,976 from pot
*** SUMMARY ***
Total pot 571,148 | Rake 0 | Jackpot 0 | Bingo 0 | Fortune 0 | Tax 0
Board [Th 9s 8d Qh 8s]
Seat 1: 8f37c8f4 folded before Flop
Seat 2: bf9765f3 showed [Qd Jc] and won (417,062) with Queens-High Straight
Seat 3: e06a77fc folded before Flop
Seat 4: a68c54b2 folded before Flop
Seat 5: d625f848 (button) showed [Jd As] and won (154,086) with Queens-High Straight
Seat 6: bf70ddde (small blind) folded before Flop
Seat 7: e80fa842 (big blind) folded before Flop
Seat 8: Hero showed [Qs Ah] and lost with Pair of Queens and Pair of Eights


Poker Hand #TM3556834335: Tournament #156786464, Bounty Hunters Mini Big Game $2.50 Hold'em No Limit - Level11(3,000/6,000) - 2024/08/06 21:30:33
Table '251' 8-max Seat #4 is the button
Seat 1: 8f37c8f4 (384,062 in chips)
Seat 2: bf9765f3 (539,966 in chips)
Seat 3: e06a77fc (532,853 in chips)
Seat 4: a68c54b2 (234,004 in chips)
Seat 5: d625f848 (117,124 in chips)
Seat 6: bf70ddde (147,762 in chips)
Seat 7: e80fa842 (492,862 in chips)
Seat 8: Hero (167,216 in chips)
a68c54b2: posts the ante 900
8f37c8f4: posts the ante 900
e06a77fc: posts the ante 900
bf9765f3: posts the ante 900
d625f848: posts the ante 900
bf70ddde: posts the ante 900
Hero: posts the ante 900
e80fa842: posts the ante 900
d625f848: posts small blind 3,000
bf70ddde: posts big blind 6,000
*** HOLE CARDS ***
Dealt to 8f37c8f4 
Dealt to bf9765f3 
Dealt to e06a77fc 
Dealt to a68c54b2 
Dealt to d625f848 
Dealt to bf70ddde 
Dealt to e80fa842 
Dealt to Hero [Ad Qh]
e80fa842: folds
Hero: raises 6,000 to 12,000
8f37c8f4: folds
bf9765f3: folds
e06a77fc: folds
a68c54b2: folds
d625f848: calls 9,000
bf70ddde: calls 6,000
*** FLOP *** [4d 8s Th]
d625f848: checks
bf70ddde: checks
Hero: checks
*** TURN *** [4d 8s Th] [Qc]
d625f848: bets 6,000
bf70ddde: calls 6,000
Hero: raises 20,196 to 26,196
d625f848: folds
bf70ddde: calls 20,196
*** RIVER *** [4d 8s Th Qc] [4s]
bf70ddde: checks
Hero: bets 33,526
bf70ddde: folds
Uncalled bet (33,526) returned to Hero
*** SHOWDOWN ***
Hero collected 101,592 from pot
*** SUMMARY ***
Total pot 101,592 | Rake 0 | Jackpot 0 | Bingo 0 | Fortune 0 | Tax 0
Board [4d 8s Th Qc 4s]
Seat 1: 8f37c8f4 folded before Flop
Seat 2: bf9765f3 folded before Flop
Seat 3: e06a77fc folded before Flop
Seat 4: a68c54b2 (button) folded before Flop
Seat 5: d625f848 (small blind) folded on the Turn
Seat 6: bf70ddde (big blind) folded on the River
Seat 7: e80fa842 folded before Flop
Seat 8: Hero won (101,592)


Poker Hand #TM3556834260: Tournament #156786464, Bounty Hunters Mini Big Game $2.50 Hold'em No Limit - Level11(3,000/6,000) - 2024/08/06 21:29:25
Table '251' 8-max Seat #3 is the button
Seat 1: 8f37c8f4 (384,962 in chips)
Seat 2: bf9765f3 (499,166 in chips)
Seat 3: e06a77fc (533,753 in chips)
Seat 4: a68c54b2 (237,904 in chips)
Seat 5: d625f848 (149,524 in chips)
Seat 6: bf70ddde (148,662 in chips)
Seat 7: e80fa842 (493,762 in chips)
Seat 8: Hero (168,116 in chips)
a68c54b2: posts the ante 900
8f37c8f4: posts the ante 900
e06a77fc: posts the ante 900
bf9765f3: posts the ante 900
d625f848: posts the ante 900
bf70ddde: posts the ante 900
Hero: posts the ante 900
e80fa842: posts the ante 900
a68c54b2: posts small blind 3,000
d625f848: posts big blind 6,000
*** HOLE CARDS ***
Dealt to 8f37c8f4 
Dealt to bf9765f3 
Dealt to e06a77fc 
Dealt to a68c54b2 
Dealt to d625f848 
Dealt to bf70ddde 
Dealt to e80fa842 
Dealt to Hero [6h 3h]
bf70ddde: folds
e80fa842: folds
Hero: folds
8f37c8f4: folds
bf9765f3: raises 7,200 to 13,200
e06a77fc: folds
a68c54b2: folds
d625f848: calls 7,200
*** FLOP *** [9h 6s Th]
d625f848: checks
bf9765f3: bets 18,300
d625f848: calls 18,300
*** TURN *** [9h 6s Th] [8h]
d625f848: checks
bf9765f3: checks
*** RIVER *** [9h 6s Th 8h] [Ad]
d625f848: checks
bf9765f3: bets 126,000
d625f848: folds
Uncalled bet (126,000) returned to bf9765f3
*** SHOWDOWN ***
bf9765f3 collected 73,200 from pot
*** SUMMARY ***
Total pot 73,200 | Rake 0 | Jackpot 0 | Bingo 0 | Fortune 0 | Tax 0
Board [9h 6s Th 8h Ad]
Seat 1: 8f37c8f4 folded before Flop
Seat 2: bf9765f3 won (73,200)
Seat 3: e06a77fc (button) folded before Flop
Seat 4: a68c54b2 (small blind) folded before Flop
Seat 5: d625f848 (big blind) folded on the River
Seat 6: bf70ddde folded before Flop
Seat 7: e80fa842 folded before Flop
Seat 8: Hero folded before Flop


Poker Hand #TM3556834218: Tournament #156786464, Bounty Hunters Mini Big Game $2.50 Hold'em No Limit - Level11(3,000/6,000) - 2024/08/06 21:28:45
Table '251' 8-max Seat #2 is the button
Seat 1: 8f37c8f4 (397,862 in chips)
Seat 2: bf9765f3 (500,066 in chips)
Seat 3: e06a77fc (497,453 in chips)
Seat 4: a68c54b2 (244,804 in chips)
Seat 5: d625f848 (150,424 in chips)
Seat 6: bf70ddde (149,562 in chips)
Seat 7: e80fa842 (494,662 in chips)
Seat 8: Hero (181,016 in chips)
a68c54b2: posts the ante 900
8f37c8f4: posts the ante 900
e06a77fc: posts the ante 900
bf9765f3: posts the ante 900
d625f848: posts the ante 900
bf70ddde: posts the ante 900
Hero: posts the ante 900
e80fa842: posts the ante 900
e06a77fc: posts small blind 3,000
a68c54b2: posts big blind 6,000
*** HOLE CARDS ***
Dealt to 8f37c8f4 
Dealt to bf9765f3 
Dealt to e06a77fc 
Dealt to a68c54b2 
Dealt to d625f848 
Dealt to bf70ddde 
Dealt to e80fa842 
Dealt to Hero [Th Ac]
d625f848: folds
bf70ddde: folds
e80fa842: folds
Hero: raises 6,000 to 12,000
8f37c8f4: calls 12,000
bf9765f3: folds
e06a77fc: raises 42,000 to 54,000
a68c54b2: folds
Hero: folds
8f37c8f4: folds
Uncalled bet (42,000) returned to e06a77fc
*** SHOWDOWN ***
e06a77fc collected 49,200 from pot
*** SUMMARY ***
Total pot 49,200 | Rake 0 | Jackpot 0 | Bingo 0 | Fortune 0 | Tax 0
Seat 1: 8f37c8f4 folded before Flop
Seat 2: bf9765f3 (button) folded before Flop
Seat 3: e06a77fc (small blind) collected (49,200)
Seat 4: a68c54b2 (big blind) folded before Flop
Seat 5: d625f848 folded before Flop
Seat 6: bf70ddde folded before Flop
Seat 7: e80fa842 folded before Flop
Seat 8: Hero folded before Flop


Poker Hand #TM3556834148: Tournament #156786464, Bounty Hunters Mini Big Game $2.50 Hold'em No Limit - Level11(3,000/6,000) - 2024/08/06 21:27:42
Table '251' 8-max Seat #1 is the button
Seat 1: 8f37c8f4 (398,762 in chips)
Seat 2: bf9765f3 (480,566 in chips)
Seat 3: e06a77fc (511,553 in chips)
Seat 4: a68c54b2 (245,704 in chips)
Seat 5: d625f848 (151,324 in chips)
Seat 6: bf70ddde (150,462 in chips)
Seat 7: e80fa842 (495,562 in chips)
Seat 8: Hero (181,916 in chips)
a68c54b2: posts the ante 900
8f37c8f4: posts the ante 900
e06a77fc: posts the ante 900
bf9765f3: posts the ante 900
d625f848: posts the ante 900
bf70ddde: posts the ante 900
Hero: posts the ante 900
e80fa842: posts the ante 900
bf9765f3: posts small blind 3,000
e06a77fc: posts big blind 6,000
*** HOLE CARDS ***
Dealt to 8f37c8f4 
Dealt to bf9765f3 
Dealt to e06a77fc 
Dealt to a68c54b2 
Dealt to d625f848 
Dealt to bf70ddde 
Dealt to e80fa842 
Dealt to Hero [Td 5c]
a68c54b2: folds
d625f848: folds
bf70ddde: folds
e80fa842: folds
Hero: folds
8f37c8f4: folds
bf9765f3: raises 7,200 to 13,200
e06a77fc: calls 7,200
*** FLOP *** [4c 9c 6c]
bf9765f3: bets 11,088
e06a77fc: folds
Uncalled bet (11,088) returned to bf9765f3
*** SHOWDOWN ***
bf9765f3 collected 33,600 from pot
*** SUMMARY ***
Total pot 33,600 | Rake 0 | Jackpot 0 | Bingo 0 | Fortune 0 | Tax 0
Board [4c 9c 6c]
Seat 1: 8f37c8f4 (button) folded before Flop
Seat 2: bf9765f3 (small blind) won (33,600)
Seat 3: e06a77fc (big blind) folded on the Flop
Seat 4: a68c54b2 folded before Flop
Seat 5: d625f848 folded before Flop
Seat 6: bf70ddde folded before Flop
Seat 7: e80fa842 folded before Flop
Seat 8: Hero folded before Flop


Poker Hand #TM3556834078: Tournament #156786464, Bounty Hunters Mini Big Game $2.50 Hold'em No Limit - Level11(3,000/6,000) - 2024/08/06 21:26:35
Table '251' 8-max Seat #8 is the button
Seat 1: 8f37c8f4 (402,662 in chips)
Seat 2: bf9765f3 (487,466 in chips)
Seat 3: e06a77fc (467,454 in chips)
Seat 4: a68c54b2 (246,604 in chips)
Seat 5: d625f848 (181,023 in chips)
Seat 6: bf70ddde (151,362 in chips)
Seat 7: e80fa842 (496,462 in chips)
Seat 8: Hero (182,816 in chips)
a68c54b2: posts the ante 900
8f37c8f4: posts the ante 900
e06a77fc: posts the ante 900
bf9765f3: posts the ante 900
d625f848: posts the ante 900
bf70ddde: posts the ante 900
Hero: posts the ante 900
e80fa842: posts the ante 900
8f37c8f4: posts small blind 3,000
bf9765f3: posts big blind 6,000
*** HOLE CARDS ***
Dealt to 8f37c8f4 
Dealt to bf9765f3 
Dealt to e06a77fc 
Dealt to a68c54b2 
Dealt to d625f848 
Dealt to bf70ddde 
Dealt to e80fa842 
Dealt to Hero [Js 5h]
e06a77fc: raises 7,799 to 13,799
a68c54b2: folds
d625f848: calls 13,799
bf70ddde: folds
e80fa842: folds
Hero: folds
8f37c8f4: folds
bf9765f3: folds
*** FLOP *** [Kd 7c 2s]
e06a77fc: bets 15,000
d625f848: calls 15,000
*** TURN *** [Kd 7c 2s] [3h]
e06a77fc: checks
d625f848: checks
*** RIVER *** [Kd 7c 2s 3h] [Qc]
e06a77fc: bets 33,000
d625f848: folds
Uncalled bet (33,000) returned to e06a77fc
a68c54b2: shows [2c 2d] (Three Twos)
*** SHOWDOWN ***
e06a77fc collected 73,798 from pot
*** SUMMARY ***
Total pot 73,798 | Rake 0 | Jackpot 0 | Bingo 0 | Fortune 0 | Tax 0
Board [Kd 7c 2s 3h Qc]
Seat 1: 8f37c8f4 (small blind) folded before Flop
Seat 2: bf9765f3 (big blind) folded before Flop
Seat 3: e06a77fc won (73,798)
Seat 4: a68c54b2 folded before Flop
Seat 5: d625f848 folded on the River
Seat 6: bf70ddde folded before Flop
Seat 7: e80fa842 folded before Flop
Seat 8: Hero (button) folded before Flop


Poker Hand #TM3556834018: Tournament #156786464, Bounty Hunters Mini Big Game $2.50 Hold'em No Limit - Level11(3,000/6,000) - 2024/08/06 21:25:38
Table '251' 8-max Seat #7 is the button
Seat 1: 8f37c8f4 (366,362 in chips)
Seat 2: bf9765f3 (488,366 in chips)
Seat 3: e06a77fc (468,354 in chips)
Seat 4: a68c54b2 (247,504 in chips)
Seat 5: d625f848 (181,923 in chips)
Seat 6: bf70ddde (179,262 in chips)
Seat 7: e80fa842 (497,362 in chips)
Seat 8: Hero (186,716 in chips)
a68c54b2: posts the ante 900
8f37c8f4: posts the ante 900
e06a77fc: posts the ante 900
bf9765f3: posts the ante 900
d625f848: posts the ante 900
bf70ddde: posts the ante 900
Hero: posts the ante 900
e80fa842: posts the ante 900
Hero: posts small blind 3,000
8f37c8f4: posts big blind 6,000
*** HOLE CARDS ***
Dealt to 8f37c8f4 
Dealt to bf9765f3 
Dealt to e06a77fc 
Dealt to a68c54b2 
Dealt to d625f848 
Dealt to bf70ddde 
Dealt to e80fa842 
Dealt to Hero [4c 7s]
bf9765f3: folds
e06a77fc: folds
a68c54b2: folds
d625f848: folds
bf70ddde: raises 9,000 to 15,000
e80fa842: folds
Hero: folds
8f37c8f4: calls 9,000
*** FLOP *** [5h 4d Kc]
8f37c8f4: checks
bf70ddde: checks
*** TURN *** [5h 4d Kc] [7c]
8f37c8f4: checks
bf70ddde: checks
*** RIVER *** [5h 4d Kc 7c] [9c]
8f37c8f4: bets 12,000
bf70ddde: calls 12,000
8f37c8f4: shows [Kh 8h] (Pair of Kings)
bf70ddde: shows [Th 9d] (Pair of Nines)
*** SHOWDOWN ***
8f37c8f4 collected 64,200 from pot
*** SUMMARY ***
Total pot 64,200 | Rake 0 | Jackpot 0 | Bingo 0 | Fortune 0 | Tax 0
Board [5h 4d Kc 7c 9c]
Seat 1: 8f37c8f4 (big blind) showed [Kh 8h] and won (64,200) with Pair of Kings
Seat 2: bf9765f3 folded before Flop
Seat 3: e06a77fc folded before Flop
Seat 4: a68c54b2 folded before Flop
Seat 5: d625f848 folded before Flop
Seat 6: bf70ddde showed [Th 9d] and lost with Pair of Nines
Seat 7: e80fa842 (button) folded before Flop
Seat 8: Hero (small blind) folded before Flop


Poker Hand #TM3556833902: Tournament #156786464, Bounty Hunters Mini Big Game $2.50 Hold'em No Limit - Level10(2,500/5,000) - 2024/08/06 21:23:49
Table '251' 8-max Seat #6 is the button
Seat 1: 8f37c8f4 (227,924 in chips)
Seat 2: bf9765f3 (518,366 in chips)
Seat 3: e06a77fc (469,104 in chips)
Seat 4: a68c54b2 (248,254 in chips)
Seat 5: d625f848 (182,673 in chips)
Seat 6: bf70ddde (180,012 in chips)
Seat 7: e80fa842 (500,612 in chips)
Seat 8: Hero (288,904 in chips)
a68c54b2: posts the ante 750
8f37c8f4: posts the ante 750
e06a77fc: posts the ante 750
bf9765f3: posts the ante 750
d625f848: posts the ante 750
bf70ddde: posts the ante 750
Hero: posts the ante 750
e80fa842: posts the ante 750
e80fa842: posts small blind 2,500
Hero: posts big blind 5,000
*** HOLE CARDS ***
Dealt to 8f37c8f4 
Dealt to bf9765f3 
Dealt to e06a77fc 
Dealt to a68c54b2 
Dealt to d625f848 
Dealt to bf70ddde 
Dealt to e80fa842 
Dealt to Hero [Kh Jh]
8f37c8f4: raises 5,000 to 10,000
bf9765f3: calls 10,000
e06a77fc: folds
a68c54b2: folds
d625f848: folds
bf70ddde: folds
e80fa842: folds
Hero: calls 5,000
*** FLOP *** [Jc 6c 3d]
Hero: bets 19,250
8f37c8f4: calls 19,250
bf9765f3: calls 19,250
*** TURN *** [Jc 6c 3d] [5s]
Hero: bets 72,188
8f37c8f4: raises 125,736 to 197,924 and is all-in
bf9765f3: folds
Hero: folds
Uncalled bet (125,736) returned to 8f37c8f4
*** SHOWDOWN ***
8f37c8f4 collected 240,626 from pot
*** SUMMARY ***
Total pot 240,626 | Rake 0 | Jackpot 0 | Bingo 0 | Fortune 0 | Tax 0
Board [Jc 6c 3d 5s]
Seat 1: 8f37c8f4 won (240,626)
Seat 2: bf9765f3 folded on the Turn
Seat 3: e06a77fc folded before Flop
Seat 4: a68c54b2 folded before Flop
Seat 5: d625f848 folded before Flop
Seat 6: bf70ddde (button) folded before Flop
Seat 7: e80fa842 (small blind) folded before Flop
Seat 8: Hero (big blind) folded on the Turn


Poker Hand #TM3556833850: Tournament #156786464, Bounty Hunters Mini Big Game $2.50 Hold'em No Limit - Level10(2,500/5,000) - 2024/08/06 21:23:02
Table '251' 8-max Seat #5 is the button
Seat 1: 8f37c8f4 (228,674 in chips)
Seat 2: bf9765f3 (519,116 in chips)
Seat 3: e06a77fc (483,354 in chips)
Seat 4: a68c54b2 (249,004 in chips)
Seat 5: d625f848 (156,423 in chips)
Seat 6: bf70ddde (183,262 in chips)
Seat 7: e80fa842 (506,362 in chips)
Seat 8: Hero (289,654 in chips)
a68c54b2: posts the ante 750
8f37c8f4: posts the ante 750
e06a77fc: posts the ante 750
bf9765f3: posts the ante 750
d625f848: posts the ante 750
bf70ddde: posts the ante 750
Hero: posts the ante 750
e80fa842: posts the ante 750
bf70ddde: posts small blind 2,500
e80fa842: posts big blind 5,000
*** HOLE CARDS ***
Dealt to 8f37c8f4 
Dealt to bf9765f3 
Dealt to e06a77fc 
Dealt to a68c54b2 
Dealt to d625f848 
Dealt to bf70ddde 
Dealt to e80fa842 
Dealt to Hero [2c 5d]
Hero: folds
8f37c8f4: folds
bf9765f3: folds
e06a77fc: raises 8,500 to 13,500
a68c54b2: folds
d625f848: calls 13,500
bf70ddde: folds
e80fa842: folds
*** FLOP *** [Js 3d Kd]
e06a77fc: checks
d625f848: bets 40,500
e06a77fc: folds
Uncalled bet (40,500) returned to d625f848
*** SHOWDOWN ***
d625f848 collected 40,500 from pot
*** SUMMARY ***
Total pot 40,500 | Rake 0 | Jackpot 0 | Bingo 0 | Fortune 0 | Tax 0
Board [Js 3d Kd]
Seat 1: 8f37c8f4 folded before Flop
Seat 2: bf9765f3 folded before Flop
Seat 3: e06a77fc folded on the Flop
Seat 4: a68c54b2 folded before Flop
Seat 5: d625f848 (button) won (40,500)
Seat 6: bf70ddde (small blind) folded before Flop
Seat 7: e80fa842 (big blind) folded before Flop
Seat 8: Hero folded before Flop


Poker Hand #TM3556833778: Tournament #156786464, Bounty Hunters Mini Big Game $2.50 Hold'em No Limit - Level10(2,500/5,000) - 2024/08/06 21:21:53
Table '251' 8-max Seat #4 is the button
Seat 1: 8f37c8f4 (229,424 in chips)
Seat 2: bf9765f3 (519,866 in chips)
Seat 3: e06a77fc (484,104 in chips)
Seat 4: a68c54b2 (208,549 in chips)
Seat 5: d625f848 (159,673 in chips)
Seat 6: bf70ddde (194,012 in chips)
Seat 7: e80fa842 (507,112 in chips)
Seat 8: Hero (313,109 in chips)
a68c54b2: posts the ante 750
8f37c8f4: posts the ante 750
e06a77fc: posts the ante 750
bf9765f3: posts the ante 750
d625f848: posts the ante 750
bf70ddde: posts the ante 750
Hero: posts the ante 750
e80fa842: posts the ante 750
d625f848: posts small blind 2,500
bf70ddde: posts big blind 5,000
*** HOLE CARDS ***
Dealt to 8f37c8f4 
Dealt to bf9765f3 
Dealt to e06a77fc 
Dealt to a68c54b2 
Dealt to d625f848 
Dealt to bf70ddde 
Dealt to e80fa842 
Dealt to Hero [Td Jc]
e80fa842: folds
Hero: raises 5,000 to 10,000
8f37c8f4: folds
bf9765f3: folds
e06a77fc: folds
a68c54b2: calls 10,000
d625f848: folds
bf70ddde: calls 5,000
*** FLOP *** [8s 5h 9h]
bf70ddde: checks
Hero: bets 12,705
a68c54b2: raises 47,933 to 60,638
bf70ddde: folds
Hero: folds
Uncalled bet (47,933) returned to a68c54b2
*** SHOWDOWN ***
a68c54b2 collected 63,910 from pot
*** SUMMARY ***
Total pot 63,910 | Rake 0 | Jackpot 0 | Bingo 0 | Fortune 0 | Tax 0
Board [8s 5h 9h]
Seat 1: 8f37c8f4 folded before Flop
Seat 2: bf9765f3 folded before Flop
Seat 3: e06a77fc folded before Flop
Seat 4: a68c54b2 (button) won (63,910)
Seat 5: d625f848 (small blind) folded before Flop
Seat 6: bf70ddde (big blind) folded on the Flop
Seat 7: e80fa842 folded before Flop
Seat 8: Hero folded on the Flop


Poker Hand #TM3556833728: Tournament #156786464, Bounty Hunters Mini Big Game $2.50 Hold'em No Limit - Level10(2,500/5,000) - 2024/08/06 21:21:06
Table '251' 8-max Seat #3 is the button
Seat 1: 8f37c8f4 (170,694 in chips)
Seat 2: bf9765f3 (520,616 in chips)
Seat 3: e06a77fc (484,854 in chips)
Seat 4: a68c54b2 (242,779 in chips)
Seat 5: d625f848 (165,423 in chips)
Seat 6: bf70ddde (209,762 in chips)
Seat 7: e80fa842 (507,862 in chips)
Seat 8: Hero (313,859 in chips)
a68c54b2: posts the ante 750
8f37c8f4: posts the ante 750
e06a77fc: posts the ante 750
bf9765f3: posts the ante 750
d625f848: posts the ante 750
bf70ddde: posts the ante 750
Hero: posts the ante 750
e80fa842: posts the ante 750
a68c54b2: posts small blind 2,500
d625f848: posts big blind 5,000
*** HOLE CARDS ***
Dealt to 8f37c8f4 
Dealt to bf9765f3 
Dealt to e06a77fc 
Dealt to a68c54b2 
Dealt to d625f848 
Dealt to bf70ddde 
Dealt to e80fa842 
Dealt to Hero [5s 6c]
bf70ddde: raises 10,000 to 15,000
e80fa842: folds
Hero: folds
8f37c8f4: calls 15,000
bf9765f3: folds
e06a77fc: folds
a68c54b2: calls 12,500
d625f848: folds
*** FLOP *** [2h Tc Jd]
a68c54b2: checks
bf70ddde: checks
8f37c8f4: checks
*** TURN *** [2h Tc Jd] [4h]
a68c54b2: bets 18,480
bf70ddde: folds
8f37c8f4: raises 136,464 to 154,944 and is all-in
a68c54b2: folds
Uncalled bet (136,464) returned to 8f37c8f4
*** SHOWDOWN ***
8f37c8f4 collected 92,960 from pot
*** SUMMARY ***
Total pot 92,960 | Rake 0 | Jackpot 0 | Bingo 0 | Fortune 0 | Tax 0
Board [2h Tc Jd 4h]
Seat 1: 8f37c8f4 won (92,960)
Seat 2: bf9765f3 folded before Flop
Seat 3: e06a77fc (button) folded before Flop
Seat 4: a68c54b2 (small blind) folded on the Turn
Seat 5: d625f848 (big blind) folded before Flop
Seat 6: bf70ddde folded on the Turn
Seat 7: e80fa842 folded before Flop
Seat 8: Hero folded before Flop


Poker Hand #TM3556833662: Tournament #156786464, Bounty Hunters Mini Big Game $2.50 Hold'em No Limit - Level10(2,500/5,000) - 2024/08/06 21:19:57
Table '251' 8-max Seat #2 is the button
Seat 1: 8f37c8f4 (181,444 in chips)
Seat 2: bf9765f3 (466,116 in chips)
Seat 3: e06a77fc (488,104 in chips)
Seat 4: a68c54b2 (248,529 in chips)
Seat 5: d625f848 (197,923 in chips)
Seat 6: bf70ddde (210,512 in chips)
Seat 7: e80fa842 (508,612 in chips)
Seat 8: Hero (314,609 in chips)
a68c54b2: posts the ante 750
8f37c8f4: posts the ante 750
e06a77fc: posts the ante 750
bf9765f3: posts the ante 750
d625f848: posts the ante 750
bf70ddde: posts the ante 750
Hero: posts the ante 750
e80fa842: posts the ante 750
e06a77fc: posts small blind 2,500
a68c54b2: posts big blind 5,000
*** HOLE CARDS ***
Dealt to 8f37c8f4 
Dealt to bf9765f3 
Dealt to e06a77fc 
Dealt to a68c54b2 
Dealt to d625f848 
Dealt to bf70ddde 
Dealt to e80fa842 
Dealt to Hero [Ts 7c]
d625f848: raises 5,000 to 10,000
bf70ddde: folds
e80fa842: folds
Hero: folds
8f37c8f4: calls 10,000
bf9765f3: calls 10,000
e06a77fc: folds
a68c54b2: folds
*** FLOP *** [Qs 6d Ks]
d625f848: bets 21,750
8f37c8f4: folds
bf9765f3: calls 21,750
*** TURN *** [Qs 6d Ks] [2h]
d625f848: checks
bf9765f3: checks
*** RIVER *** [Qs 6d Ks 2h] [5c]
d625f848: checks
bf9765f3: bets 28,710
d625f848: folds
Uncalled bet (28,710) returned to bf9765f3
*** SHOWDOWN ***
bf9765f3 collected 87,000 from pot
*** SUMMARY ***
Total pot 87,000 | Rake 0 | Jackpot 0 | Bingo 0 | Fortune 0 | Tax 0
Board [Qs 6d Ks 2h 5c]
Seat 1: 8f37c8f4 folded on the Flop
Seat 2: bf9765f3 (button) won (87,000)
Seat 3: e06a77fc (small blind) folded before Flop
Seat 4: a68c54b2 (big blind) folded before Flop
Seat 5: d625f848 folded on the River
Seat 6: bf70ddde folded before Flop
Seat 7: e80fa842 folded before Flop
Seat 8: Hero folded before Flop


Poker Hand #TM3556833611: Tournament #156786464, Bounty Hunters Mini Big Game $2.50 Hold'em No Limit - Level10(2,500/5,000) - 2024/08/06 21:19:09
Table '251' 8-max Seat #1 is the button
Seat 1: 8f37c8f4 (84,722 in chips)
Seat 2: bf9765f3 (469,366 in chips)
Seat 3: e06a77fc (493,854 in chips)
Seat 4: a68c54b2 (249,279 in chips)
Seat 5: d625f848 (282,645 in chips)
Seat 6: bf70ddde (211,262 in chips)
Seat 7: e80fa842 (509,362 in chips)
Seat 8: Hero (315,359 in chips)
a68c54b2: posts the ante 750
8f37c8f4: posts the ante 750
e06a77fc: posts the ante 750
bf9765f3: posts the ante 750
d625f848: posts the ante 750
bf70ddde: posts the ante 750
Hero: posts the ante 750
e80fa842: posts the ante 750
bf9765f3: posts small blind 2,500
e06a77fc: posts big blind 5,000
*** HOLE CARDS ***
Dealt to 8f37c8f4 
Dealt to bf9765f3 
Dealt to e06a77fc 
Dealt to a68c54b2 
Dealt to d625f848 
Dealt to bf70ddde 
Dealt to e80fa842 
Dealt to Hero [Js 3c]
a68c54b2: folds
d625f848: raises 5,000 to 10,000
bf70ddde: folds
e80fa842: folds
Hero: folds
8f37c8f4: raises 73,972 to 83,972 and is all-in
bf9765f3: folds
e06a77fc: folds
d625f848: calls 73,972
8f37c8f4: shows [Kc Qc]
d625f848: shows [5d As]
*** FLOP *** [Th 3s Tc]
*** TURN *** [Th 3s Tc] [2s]
*** RIVER *** [Th 3s Tc 2s] [Kd]
*** SHOWDOWN ***
8f37c8f4 collected 181,444 from pot
*** SUMMARY ***
Total pot 181,444 | Rake 0 | Jackpot 0 | Bingo 0 | Fortune 0 | Tax 0
Board [Th 3s Tc 2s Kd]
Seat 1: 8f37c8f4 (button) showed [Kc Qc] and won (181,444) with Pair of Kings and Pair of Tens
Seat 2: bf9765f3 (small blind) folded before Flop
Seat 3: e06a77fc (big blind) folded before Flop
Seat 4: a68c54b2 folded before Flop
Seat 5: d625f848 showed [5d As] and lost with Pair of Tens
Seat 6: bf70ddde folded before Flop
Seat 7: e80fa842 folded before Flop
Seat 8: Hero folded before Flop


Poker Hand #TM3556833593: Tournament #156786464, Bounty Hunters Mini Big Game $2.50 Hold'em No Limit - Level10(2,500/5,000) - 2024/08/06 21:18:44
Table '251' 8-max Seat #8 is the button
Seat 1: 8f37c8f4 (87,972 in chips)
Seat 2: bf9765f3 (475,116 in chips)
Seat 3: e06a77fc (494,604 in chips)
Seat 4: a68c54b2 (250,029 in chips)
Seat 5: d625f848 (283,395 in chips)
Seat 6: bf70ddde (212,012 in chips)
Seat 7: e80fa842 (510,112 in chips)
Seat 8: Hero (302,609 in chips)
a68c54b2: posts the ante 750
8f37c8f4: posts the ante 750
e06a77fc: posts the ante 750
bf9765f3: posts the ante 750
d625f848: posts the ante 750
bf70ddde: posts the ante 750
Hero: posts the ante 750
e80fa842: posts the ante 750
8f37c8f4: posts small blind 2,500
bf9765f3: posts big blind 5,000
*** HOLE CARDS ***
Dealt to 8f37c8f4 
Dealt to bf9765f3 
Dealt to e06a77fc 
Dealt to a68c54b2 
Dealt to d625f848 
Dealt to bf70ddde 
Dealt to e80fa842 
Dealt to Hero [Ah Qd]
e06a77fc: folds
a68c54b2: folds
d625f848: folds
bf70ddde: folds
e80fa842: folds
Hero: raises 10,000 to 15,000
8f37c8f4: folds
bf9765f3: folds
Uncalled bet (10,000) returned to Hero
*** SHOWDOWN ***
Hero collected 18,500 from pot
*** SUMMARY ***
Total pot 18,500 | Rake 0 | Jackpot 0 | Bingo 0 | Fortune 0 | Tax 0
Seat 1: 8f37c8f4 (small blind) folded before Flop
Seat 2: bf9765f3 (big blind) folded before Flop
Seat 3: e06a77fc folded before Flop
Seat 4: a68c54b2 folded before Flop
Seat 5: d625f848 folded before Flop
Seat 6: bf70ddde folded before Flop
Seat 7: e80fa842 folded before Flop
Seat 8: Hero (button) collected (18,500)


Poker Hand #TM3556833547: Tournament #156786464, Bounty Hunters Mini Big Game $2.50 Hold'em No Limit - Level10(2,500/5,000) - 2024/08/06 21:18:09
Table '251' 8-max Seat #7 is the button
Seat 1: 8f37c8f4 (93,722 in chips)
Seat 2: bf9765f3 (486,866 in chips)
Seat 3: e06a77fc (470,854 in chips)
Seat 4: a68c54b2 (250,779 in chips)
Seat 5: d625f848 (284,145 in chips)
Seat 6: bf70ddde (212,762 in chips)
Seat 7: e80fa842 (510,862 in chips)
Seat 8: Hero (305,859 in chips)
a68c54b2: posts the ante 750
8f37c8f4: posts the ante 750
e06a77fc: posts the ante 750
bf9765f3: posts the ante 750
d625f848: posts the ante 750
bf70ddde: posts the ante 750
Hero: posts the ante 750
e80fa842: posts the ante 750
Hero: posts small blind 2,500
8f37c8f4: posts big blind 5,000
*** HOLE CARDS ***
Dealt to 8f37c8f4 
Dealt to bf9765f3 
Dealt to e06a77fc 
Dealt to a68c54b2 
Dealt to d625f848 
Dealt to bf70ddde 
Dealt to e80fa842 
Dealt to Hero [Qc 8c]
bf9765f3: raises 6,000 to 11,000
e06a77fc: raises 24,000 to 35,000
a68c54b2: folds
d625f848: folds
bf70ddde: folds
e80fa842: folds
Hero: folds
8f37c8f4: folds
bf9765f3: folds
Uncalled bet (24,000) returned to e06a77fc
*** SHOWDOWN ***
e06a77fc collected 35,500 from pot
*** SUMMARY ***
Total pot 35,500 | Rake 0 | Jackpot 0 | Bingo 0 | Fortune 0 | Tax 0
Seat 1: 8f37c8f4 (big blind) folded before Flop
Seat 2: bf9765f3 folded before Flop
Seat 3: e06a77fc collected (35,500)
Seat 4: a68c54b2 folded before Flop
Seat 5: d625f848 folded before Flop
Seat 6: bf70ddde folded before Flop
Seat 7: e80fa842 (button) folded before Flop
Seat 8: Hero (small blind) folded before Flop


Poker Hand #TM3556833512: Tournament #156786464, Bounty Hunters Mini Big Game $2.50 Hold'em No Limit - Level10(2,500/5,000) - 2024/08/06 21:17:36
Table '251' 8-max Seat #6 is the button
Seat 1: 8f37c8f4 (104,472 in chips)
Seat 2: bf9765f3 (487,616 in chips)
Seat 3: e06a77fc (471,604 in chips)
Seat 4: a68c54b2 (251,529 in chips)
Seat 6: bf70ddde (213,512 in chips)
Seat 7: e80fa842 (521,612 in chips)
Seat 8: Hero (281,359 in chips)
a68c54b2: posts the ante 750
8f37c8f4: posts the ante 750
e06a77fc: posts the ante 750
bf9765f3: posts the ante 750
bf70ddde: posts the ante 750
Hero: posts the ante 750
e80fa842: posts the ante 750
e80fa842: posts small blind 2,500
Hero: posts big blind 5,000
*** HOLE CARDS ***
Dealt to 8f37c8f4 
Dealt to bf9765f3 
Dealt to e06a77fc 
Dealt to a68c54b2 
Dealt to bf70ddde 
Dealt to e80fa842 
Dealt to Hero [Kd Ad]
8f37c8f4: raises 5,000 to 10,000
bf9765f3: folds
e06a77fc: folds
a68c54b2: folds
bf70ddde: folds
e80fa842: calls 7,500
Hero: raises 265,000 to 275,000
8f37c8f4: folds
e80fa842: folds
Uncalled bet (265,000) returned to Hero
Hero: shows [Kd Ad]
e80fa842: shows [Ac]
*** SHOWDOWN ***
Hero collected 35,250 from pot
*** SUMMARY ***
Total pot 35,250 | Rake 0 | Jackpot 0 | Bingo 0 | Fortune 0 | Tax 0
Seat 1: 8f37c8f4 folded before Flop
Seat 2: bf9765f3 folded before Flop
Seat 3: e06a77fc folded before Flop
Seat 4: a68c54b2 folded before Flop
Seat 6: bf70ddde (button) folded before Flop
Seat 7: e80fa842 (small blind) folded before Flop
Seat 8: Hero (big blind) showed [Kd Ad] and collected (35,250)


Poker Hand #TM3556833442: Tournament #156786464, Bounty Hunters Mini Big Game $2.50 Hold'em No Limit - Level10(2,500/5,000) - 2024/08/06 21:16:37
Table '251' 8-max Seat #4 is the button
Seat 1: 8f37c8f4 (105,222 in chips)
Seat 2: bf9765f3 (382,538 in chips)
Seat 3: e06a77fc (472,354 in chips)
Seat 4: a68c54b2 (252,279 in chips)
Seat 5: 8c4a11c (95,578 in chips)
Seat 6: bf70ddde (219,262 in chips)
Seat 7: e80fa842 (522,362 in chips)
Seat 8: Hero (282,109 in chips)
a68c54b2: posts the ante 750
8c4a11c: posts the ante 750
8f37c8f4: posts the ante 750
e06a77fc: posts the ante 750
bf9765f3: posts the ante 750
bf70ddde: posts the ante 750
Hero: posts the ante 750
e80fa842: posts the ante 750
8c4a11c: posts small blind 2,500
bf70ddde: posts big blind 5,000
*** HOLE CARDS ***
Dealt to 8f37c8f4 
Dealt to bf9765f3 
Dealt to e06a77fc 
Dealt to a68c54b2 
Dealt to 8c4a11c 
Dealt to bf70ddde 
Dealt to e80fa842 
Dealt to Hero [Qc Td]
e80fa842: folds
Hero: folds
8f37c8f4: folds
bf9765f3: raises 6,000 to 11,000
e06a77fc: folds
a68c54b2: folds
8c4a11c: raises 83,828 to 94,828 and is all-in
bf70ddde: folds
bf9765f3: calls 83,828
8c4a11c: shows [Tc Js]
bf9765f3: shows [9s Qs]
*** FLOP *** [6s 4d As]
*** TURN *** [6s 4d As] [7s]
*** RIVER *** [6s 4d As 7s] [2c]
*** SHOWDOWN ***
bf9765f3 collected 200,656 from pot
*** SUMMARY ***
Total pot 200,656 | Rake 0 | Jackpot 0 | Bingo 0 | Fortune 0 | Tax 0
Board [6s 4d As 7s 2c]
Seat 1: 8f37c8f4 folded before Flop
Seat 2: bf9765f3 showed [9s Qs] and won (200,656) with Ace High Flush
Seat 3: e06a77fc folded before Flop
Seat 4: a68c54b2 (button) folded before Flop
Seat 5: 8c4a11c (small blind) showed [Tc Js] and lost with Ace-High
Seat 6: bf70ddde (big blind) folded before Flop
Seat 7: e80fa842 folded before Flop
Seat 8: Hero folded before Flop


Poker Hand #TM3556833392: Tournament #156786464, Bounty Hunters Mini Big Game $2.50 Hold'em No Limit - Level10(2,500/5,000) - 2024/08/06 21:15:43
Table '251' 8-max Seat #3 is the button
Seat 1: 8f37c8f4 (105,972 in chips)
Seat 2: bf9765f3 (420,788 in chips)
Seat 3: e06a77fc (422,104 in chips)
Seat 4: a68c54b2 (255,529 in chips)
Seat 5: 8c4a11c (101,328 in chips)
Seat 6: bf70ddde (220,012 in chips)
Seat 7: e80fa842 (523,112 in chips)
Seat 8: Hero (282,859 in chips)
a68c54b2: posts the ante 750
8c4a11c: posts the ante 750
8f37c8f4: posts the ante 750
e06a77fc: posts the ante 750
bf9765f3: posts the ante 750
bf70ddde: posts the ante 750
Hero: posts the ante 750
e80fa842: posts the ante 750
a68c54b2: posts small blind 2,500
8c4a11c: posts big blind 5,000
*** HOLE CARDS ***
Dealt to 8f37c8f4 
Dealt to bf9765f3 
Dealt to e06a77fc 
Dealt to a68c54b2 
Dealt to 8c4a11c 
Dealt to bf70ddde 
Dealt to e80fa842 
Dealt to Hero [2h Jc]
bf70ddde: folds
e80fa842: folds
Hero: folds
8f37c8f4: folds
bf9765f3: raises 6,000 to 11,000
e06a77fc: raises 26,500 to 37,500
a68c54b2: folds
8c4a11c: folds
bf9765f3: calls 26,500
*** FLOP *** [As 7c 4d]
bf9765f3: checks
e06a77fc: bets 27,500
bf9765f3: folds
Uncalled bet (27,500) returned to e06a77fc
*** SHOWDOWN ***
e06a77fc collected 88,500 from pot
*** SUMMARY ***
Total pot 88,500 | Rake 0 | Jackpot 0 | Bingo 0 | Fortune 0 | Tax 0
Board [As 7c 4d]
Seat 1: 8f37c8f4 folded before Flop
Seat 2: bf9765f3 folded on the Flop
Seat 3: e06a77fc (button) won (88,500)
Seat 4: a68c54b2 (small blind) folded before Flop
Seat 5: 8c4a11c (big blind) folded before Flop
Seat 6: bf70ddde folded before Flop
Seat 7: e80fa842 folded before Flop
Seat 8: Hero folded before Flop


Poker Hand #TM3556833327: Tournament #156786464, Bounty Hunters Mini Big Game $2.50 Hold'em No Limit - Level9(2,000/4,000) - 2024/08/06 21:14:41
Table '251' 8-max Seat #2 is the button
Seat 1: 8f37c8f4 (106,572 in chips)
Seat 2: bf9765f3 (356,988 in chips)
Seat 3: e06a77fc (424,704 in chips)
Seat 4: a68c54b2 (260,129 in chips)
Seat 5: 8c4a11c (151,528 in chips)
Seat 6: bf70ddde (220,612 in chips)
Seat 7: e80fa842 (527,712 in chips)
Seat 8: Hero (283,459 in chips)
a68c54b2: posts the ante 600
8c4a11c: posts the ante 600
8f37c8f4: posts the ante 600
e06a77fc: posts the ante 600
bf9765f3: posts the ante 600
bf70ddde: posts the ante 600
Hero: posts the ante 600
e80fa842: posts the ante 600
e06a77fc: posts small blind 2,000
a68c54b2: posts big blind 4,000
*** HOLE CARDS ***
Dealt to 8f37c8f4 
Dealt to bf9765f3 
Dealt to e06a77fc 
Dealt to a68c54b2 
Dealt to 8c4a11c 
Dealt to bf70ddde 
Dealt to e80fa842 
Dealt to Hero [6s Qh]
8c4a11c: calls 4,000
bf70ddde: folds
e80fa842: calls 4,000
Hero: folds
8f37c8f4: folds
bf9765f3: raises 17,100 to 21,100
e06a77fc: folds
a68c54b2: folds
8c4a11c: calls 17,100
e80fa842: folds
*** FLOP *** [2c Kc Ac]
8c4a11c: checks
bf9765f3: bets 28,500
8c4a11c: calls 28,500
*** TURN *** [2c Kc Ac] [5h]
8c4a11c: checks
bf9765f3: bets 164,160
8c4a11c: folds
Uncalled bet (164,160) returned to bf9765f3
*** SHOWDOWN ***
bf9765f3 collected 114,000 from pot
*** SUMMARY ***
Total pot 114,000 | Rake 0 | Jackpot 0 | Bingo 0 | Fortune 0 | Tax 0
Board [2c Kc Ac 5h]
Seat 1: 8f37c8f4 folded before Flop
Seat 2: bf9765f3 (button) won (114,000)
Seat 3: e06a77fc (small blind) folded before Flop
Seat 4: a68c54b2 (big blind) folded before Flop
Seat 5: 8c4a11c folded on the Turn
Seat 6: bf70ddde folded before Flop
Seat 7: e80fa842 folded before Flop
Seat 8: Hero folded before Flop


Poker Hand #TM3556833300: Tournament #156786464, Bounty Hunters Mini Big Game $2.50 Hold'em No Limit - Level9(2,000/4,000) - 2024/08/06 21:14:13
Table '251' 8-max Seat #1 is the button
Seat 1: 8f37c8f4 (88,372 in chips)
Seat 2: bf9765f3 (359,588 in chips)
Seat 3: e06a77fc (429,304 in chips)
Seat 4: a68c54b2 (260,729 in chips)
Seat 5: 8c4a11c (160,128 in chips)
Seat 6: bf70ddde (221,212 in chips)
Seat 7: e80fa842 (528,312 in chips)
Seat 8: Hero (284,059 in chips)
a68c54b2: posts the ante 600
8c4a11c: posts the ante 600
8f37c8f4: posts the ante 600
e06a77fc: posts the ante 600
bf9765f3: posts the ante 600
bf70ddde: posts the ante 600
Hero: posts the ante 600
e80fa842: posts the ante 600
bf9765f3: posts small blind 2,000
e06a77fc: posts big blind 4,000
*** HOLE CARDS ***
Dealt to 8f37c8f4 
Dealt to bf9765f3 
Dealt to e06a77fc 
Dealt to a68c54b2 
Dealt to 8c4a11c 
Dealt to bf70ddde 
Dealt to e80fa842 
Dealt to Hero [Ks 7h]
a68c54b2: folds
8c4a11c: raises 4,000 to 8,000
bf70ddde: folds
e80fa842: folds
Hero: folds
8f37c8f4: raises 79,772 to 87,772 and is all-in
bf9765f3: folds
e06a77fc: folds
8c4a11c: folds
Uncalled bet (79,772) returned to 8f37c8f4
*** SHOWDOWN ***
8f37c8f4 collected 26,800 from pot
*** SUMMARY ***
Total pot 26,800 | Rake 0 | Jackpot 0 | Bingo 0 | Fortune 0 | Tax 0
Seat 1: 8f37c8f4 (button) collected (26,800)
Seat 2: bf9765f3 (small blind) folded before Flop
Seat 3: e06a77fc (big blind) folded before Flop
Seat 4: a68c54b2 folded before Flop
Seat 5: 8c4a11c folded before Flop
Seat 6: bf70ddde folded before Flop
Seat 7: e80fa842 folded before Flop
Seat 8: Hero folded before Flop


Poker Hand #TM3556833251: Tournament #156786464, Bounty Hunters Mini Big Game $2.50 Hold'em No Limit - Level9(2,000/4,000) - 2024/08/06 21:13:31
Table '251' 8-max Seat #8 is the button
Seat 1: 8f37c8f4 (92,972 in chips)
Seat 2: bf9765f3 (343,388 in chips)
Seat 3: e06a77fc (429,904 in chips)
Seat 4: a68c54b2 (261,329 in chips)
Seat 5: 8c4a11c (164,728 in chips)
Seat 6: bf70ddde (221,812 in chips)
Seat 7: e80fa842 (528,912 in chips)
Seat 8: Hero (288,659 in chips)
a68c54b2: posts the ante 600
8c4a11c: posts the ante 600
8f37c8f4: posts the ante 600
e06a77fc: posts the ante 600
bf9765f3: posts the ante 600
bf70ddde: posts the ante 600
Hero: posts the ante 600
e80fa842: posts the ante 600
8f37c8f4: posts small blind 2,000
bf9765f3: posts big blind 4,000
*** HOLE CARDS ***
Dealt to 8f37c8f4 
Dealt to bf9765f3 
Dealt to e06a77fc 
Dealt to a68c54b2 
Dealt to 8c4a11c 
Dealt to bf70ddde 
Dealt to e80fa842 
Dealt to Hero [4d 3d]
e06a77fc: folds
a68c54b2: folds
8c4a11c: calls 4,000
bf70ddde: folds
e80fa842: folds
Hero: calls 4,000
8f37c8f4: calls 2,000
bf9765f3: raises 44,000 to 48,000
8c4a11c: folds
Hero: folds
8f37c8f4: folds
Uncalled bet (44,000) returned to bf9765f3
*** SHOWDOWN ***
bf9765f3 collected 20,800 from pot
*** SUMMARY ***
Total pot 20,800 | Rake 0 | Jackpot 0 | Bingo 0 | Fortune 0 | Tax 0
Seat 1: 8f37c8f4 (small blind) folded before Flop
Seat 2: bf9765f3 (big blind) collected (20,800)
Seat 3: e06a77fc folded before Flop
Seat 4: a68c54b2 folded before Flop
Seat 5: 8c4a11c folded before Flop
Seat 6: bf70ddde folded before Flop
Seat 7: e80fa842 folded before Flop
Seat 8: Hero (button) folded before Flop


Poker Hand #TM3556833197: Tournament #156786464, Bounty Hunters Mini Big Game $2.50 Hold'em No Limit - Level9(2,000/4,000) - 2024/08/06 21:12:36
Table '251' 8-max Seat #7 is the button
Seat 1: 8f37c8f4 (111,736 in chips)
Seat 2: bf9765f3 (343,988 in chips)
Seat 3: e06a77fc (430,504 in chips)
Seat 4: a68c54b2 (261,929 in chips)
Seat 5: 8c4a11c (132,364 in chips)
Seat 6: bf70ddde (222,412 in chips)
Seat 7: e80fa842 (537,512 in chips)
Seat 8: Hero (291,259 in chips)
a68c54b2: posts the ante 600
8c4a11c: posts the ante 600
8f37c8f4: posts the ante 600
e06a77fc: posts the ante 600
bf9765f3: posts the ante 600
bf70ddde: posts the ante 600
Hero: posts the ante 600
e80fa842: posts the ante 600
Hero: posts small blind 2,000
8f37c8f4: posts big blind 4,000
*** HOLE CARDS ***
Dealt to 8f37c8f4 
Dealt to bf9765f3 
Dealt to e06a77fc 
Dealt to a68c54b2 
Dealt to 8c4a11c 
Dealt to bf70ddde 
Dealt to e80fa842 
Dealt to Hero [3h Ad]
bf9765f3: folds
e06a77fc: folds
a68c54b2: folds
8c4a11c: raises 4,000 to 8,000
bf70ddde: folds
e80fa842: calls 8,000
Hero: folds
8f37c8f4: calls 4,000
*** FLOP *** [9s 2s 3d]
8f37c8f4: checks
8c4a11c: checks
e80fa842: checks
*** TURN *** [9s 2s 3d] [7h]
8f37c8f4: checks
8c4a11c: bets 10,164
e80fa842: folds
8f37c8f4: calls 10,164
*** RIVER *** [9s 2s 3d 7h] [4h]
8f37c8f4: checks
8c4a11c: checks
8f37c8f4: shows [8d Tc] (Ten-High)
8c4a11c: shows [6c 6s] (Pair of Sixes)
*** SHOWDOWN ***
8c4a11c collected 51,128 from pot
*** SUMMARY ***
Total pot 51,128 | Rake 0 | Jackpot 0 | Bingo 0 | Fortune 0 | Tax 0
Board [9s 2s 3d 7h 4h]
Seat 1: 8f37c8f4 (big blind) showed [8d Tc] and lost with Ten-High
Seat 2: bf9765f3 folded before Flop
Seat 3: e06a77fc folded before Flop
Seat 4: a68c54b2 folded before Flop
Seat 5: 8c4a11c showed [6c 6s] and won (51,128) with Pair of Sixes
Seat 6: bf70ddde folded before Flop
Seat 7: e80fa842 (button) folded on the Turn
Seat 8: Hero (small blind) folded before Flop


Poker Hand #TM3556833115: Tournament #156786464, Bounty Hunters Mini Big Game $2.50 Hold'em No Limit - Level9(2,000/4,000) - 2024/08/06 21:11:20
Table '251' 8-max Seat #6 is the button
Seat 1: 8f37c8f4 (130,500 in chips)
Seat 2: bf9765f3 (344,588 in chips)
Seat 3: e06a77fc (431,104 in chips)
Seat 4: a68c54b2 (262,529 in chips)
Seat 5: 8c4a11c (100,000 in chips)
Seat 6: bf70ddde (223,012 in chips)
Seat 7: e80fa842 (540,112 in chips)
Seat 8: Hero (299,859 in chips)
a68c54b2: posts the ante 600
8c4a11c: posts the ante 600
8f37c8f4: posts the ante 600
e06a77fc: posts the ante 600
bf9765f3: posts the ante 600
bf70ddde: posts the ante 600
Hero: posts the ante 600
e80fa842: posts the ante 600
e80fa842: posts small blind 2,000
Hero: posts big blind 4,000
*** HOLE CARDS ***
Dealt to 8f37c8f4 
Dealt to bf9765f3 
Dealt to e06a77fc 
Dealt to a68c54b2 
Dealt to 8c4a11c 
Dealt to bf70ddde 
Dealt to e80fa842 
Dealt to Hero [Tc 6c]
8f37c8f4: raises 4,000 to 8,000
bf9765f3: folds
e06a77fc: folds
a68c54b2: folds
8c4a11c: calls 8,000
bf70ddde: folds
e80fa842: folds
Hero: calls 4,000
*** FLOP *** [As Kh 9s]
Hero: checks
8f37c8f4: bets 10,164
8c4a11c: calls 10,164
Hero: folds
*** TURN *** [As Kh 9s] [Js]
8f37c8f4: checks
8c4a11c: checks
*** RIVER *** [As Kh 9s Js] [7c]
8f37c8f4: checks
8c4a11c: bets 81,236 and is all-in
8f37c8f4: folds
Uncalled bet (81,236) returned to 8c4a11c
*** SHOWDOWN ***
8c4a11c collected 51,128 from pot
*** SUMMARY ***
Total pot 51,128 | Rake 0 | Jackpot 0 | Bingo 0 | Fortune 0 | Tax 0
Board [As Kh 9s Js 7c]
Seat 1: 8f37c8f4 folded on the River
Seat 2: bf9765f3 folded before Flop
Seat 3: e06a77fc folded before Flop
Seat 4: a68c54b2 folded before Flop
Seat 5: 8c4a11c won (51,128)
Seat 6: bf70ddde (button) folded before Flop
Seat 7: e80fa842 (small blind) folded before Flop
Seat 8: Hero (big blind) folded on the Flop


Poker Hand #TM3556833081: Tournament #156786464, Bounty Hunters Mini Big Game $2.50 Hold'em No Limit - Level9(2,000/4,000) - 2024/08/06 21:10:48
Table '251' 8-max Seat #4 is the button
Seat 1: 8f37c8f4 (131,100 in chips)
Seat 2: bf9765f3 (345,188 in chips)
Seat 3: e06a77fc (431,704 in chips)
Seat 4: a68c54b2 (263,129 in chips)
Seat 6: bf70ddde (215,412 in chips)
Seat 7: e80fa842 (544,712 in chips)
Seat 8: Hero (300,459 in chips)
a68c54b2: posts the ante 600
8f37c8f4: posts the ante 600
e06a77fc: posts the ante 600
bf9765f3: posts the ante 600
bf70ddde: posts the ante 600
Hero: posts the ante 600
e80fa842: posts the ante 600
bf70ddde: posts small blind 2,000
e80fa842: posts big blind 4,000
*** HOLE CARDS ***
Dealt to 8f37c8f4 
Dealt to bf9765f3 
Dealt to e06a77fc 
Dealt to a68c54b2 
Dealt to bf70ddde 
Dealt to e80fa842 
Dealt to Hero [5h Th]
Hero: folds
8f37c8f4: folds
bf9765f3: folds
e06a77fc: folds
a68c54b2: folds
bf70ddde: raises 8,000 to 12,000
e80fa842: folds
Uncalled bet (8,000) returned to bf70ddde
*** SHOWDOWN ***
bf70ddde collected 12,200 from pot
*** SUMMARY ***
Total pot 12,200 | Rake 0 | Jackpot 0 | Bingo 0 | Fortune 0 | Tax 0
Seat 1: 8f37c8f4 folded before Flop
Seat 2: bf9765f3 folded before Flop
Seat 3: e06a77fc folded before Flop
Seat 4: a68c54b2 (button) folded before Flop
Seat 6: bf70ddde (small blind) collected (12,200)
Seat 7: e80fa842 (big blind) folded before Flop
Seat 8: Hero folded before Flop


Poker Hand #TM3556833016: Tournament #156786464, Bounty Hunters Mini Big Game $2.50 Hold'em No Limit - Level9(2,000/4,000) - 2024/08/06 21:09:43
Table '251' 8-max Seat #2 is the button
Seat 1: 8f37c8f4 (131,700 in chips)
Seat 2: bf9765f3 (345,788 in chips)
Seat 4: a68c54b2 (309,094 in chips)
Seat 5: c9824e8e (89,600 in chips)
Seat 6: bf70ddde (216,012 in chips)
Seat 7: e80fa842 (545,312 in chips)
Seat 8: Hero (162,494 in chips)
a68c54b2: posts the ante 600
8f37c8f4: posts the ante 600
c9824e8e: posts the ante 600
bf9765f3: posts the ante 600
bf70ddde: posts the ante 600
Hero: posts the ante 600
e80fa842: posts the ante 600
a68c54b2: posts small blind 2,000
c9824e8e: posts big blind 4,000
*** HOLE CARDS ***
Dealt to 8f37c8f4 
Dealt to bf9765f3 
Dealt to a68c54b2 
Dealt to c9824e8e 
Dealt to bf70ddde 
Dealt to e80fa842 
Dealt to Hero [Ks Kd]
bf70ddde: folds
e80fa842: folds
Hero: raises 4,000 to 8,000
8f37c8f4: folds
bf9765f3: folds
a68c54b2: calls 6,000
c9824e8e: calls 4,000
*** FLOP *** [6c 7d 9s]
a68c54b2: bets 14,100
c9824e8e: calls 14,100
Hero: raises 23,265 to 37,365
a68c54b2: calls 23,265
c9824e8e: raises 43,635 to 81,000 and is all-in
Hero: raises 72,894 to 153,894 and is all-in
a68c54b2: folds
Uncalled bet (72,894) returned to Hero
Hero: shows [Ks Kd] (Pair of Kings)
c9824e8e: shows [8h Td] (Tens-High Straight)
*** TURN *** [6c 7d 9s] [7c]
*** RIVER *** [6c 7d 9s 7c] [Kc]
*** SHOWDOWN ***
Hero collected 227,565 from pot
*** SUMMARY ***
Total pot 227,565 | Rake 0 | Jackpot 0 | Bingo 0 | Fortune 0 | Tax 0
Board [6c 7d 9s 7c Kc]
Seat 1: 8f37c8f4 folded before Flop
Seat 2: bf9765f3 (button) folded before Flop
Seat 4: a68c54b2 (small blind) folded on the Flop
Seat 5: c9824e8e (big blind) showed [8h Td] and lost with Tens-High Straight
Seat 6: bf70ddde folded before Flop
Seat 7: e80fa842 folded before Flop
Seat 8: Hero showed [Ks Kd] and won (227,565) with Kings Full over Sevens


Poker Hand #TM3556832990: Tournament #156786464, Bounty Hunters Mini Big Game $2.50 Hold'em No Limit - Level9(2,000/4,000) - 2024/08/06 21:09:16
Table '251' 8-max Seat #1 is the button
Seat 1: 8f37c8f4 (132,300 in chips)
Seat 2: bf9765f3 (330,188 in chips)
Seat 4: a68c54b2 (313,694 in chips)
Seat 5: c9824e8e (90,200 in chips)
Seat 6: bf70ddde (216,612 in chips)
Seat 7: e80fa842 (545,912 in chips)
Seat 8: Hero (171,094 in chips)
a68c54b2: posts the ante 600
8f37c8f4: posts the ante 600
c9824e8e: posts the ante 600
bf9765f3: posts the ante 600
bf70ddde: posts the ante 600
Hero: posts the ante 600
e80fa842: posts the ante 600
bf9765f3: posts small blind 2,000
a68c54b2: posts big blind 4,000
*** HOLE CARDS ***
Dealt to 8f37c8f4 
Dealt to bf9765f3 
Dealt to a68c54b2 
Dealt to c9824e8e 
Dealt to bf70ddde 
Dealt to e80fa842 
Dealt to Hero [3d Kd]
c9824e8e: folds
bf70ddde: folds
e80fa842: folds
Hero: raises 4,000 to 8,000
8f37c8f4: folds
bf9765f3: raises 34,848 to 42,848
a68c54b2: folds
Hero: folds
Uncalled bet (34,848) returned to bf9765f3
*** SHOWDOWN ***
bf9765f3 collected 24,200 from pot
*** SUMMARY ***
Total pot 24,200 | Rake 0 | Jackpot 0 | Bingo 0 | Fortune 0 | Tax 0
Seat 1: 8f37c8f4 (button) folded before Flop
Seat 2: bf9765f3 (small blind) collected (24,200)
Seat 4: a68c54b2 (big blind) folded before Flop
Seat 5: c9824e8e folded before Flop
Seat 6: bf70ddde folded before Flop
Seat 7: e80fa842 folded before Flop
Seat 8: Hero folded before Flop


Poker Hand #TM3556832920: Tournament #156786464, Bounty Hunters Mini Big Game $2.50 Hold'em No Limit - Level9(2,000/4,000) - 2024/08/06 21:08:11
Table '251' 8-max Seat #8 is the button
Seat 1: 8f37c8f4 (134,900 in chips)
Seat 2: bf9765f3 (334,788 in chips)
Seat 3: f9aab69e (94,928 in chips)
Seat 4: a68c54b2 (322,294 in chips)
Seat 5: c9824e8e (98,800 in chips)
Seat 6: bf70ddde (217,212 in chips)
Seat 7: e80fa842 (425,384 in chips)
Seat 8: Hero (171,694 in chips)
a68c54b2: posts the ante 600
f9aab69e: posts the ante 600
c9824e8e: posts the ante 600
8f37c8f4: posts the ante 600
bf9765f3: posts the ante 600
bf70ddde: posts the ante 600
Hero: posts the ante 600
e80fa842: posts the ante 600
8f37c8f4: posts small blind 2,000
bf9765f3: posts big blind 4,000
*** HOLE CARDS ***
Dealt to 8f37c8f4 
Dealt to bf9765f3 
Dealt to f9aab69e 
Dealt to a68c54b2 
Dealt to c9824e8e 
Dealt to bf70ddde 
Dealt to e80fa842 
Dealt to Hero [9h 3h]
f9aab69e: raises 4,000 to 8,000
a68c54b2: calls 8,000
c9824e8e: calls 8,000
bf70ddde: folds
e80fa842: raises 34,800 to 42,800
Hero: folds
8f37c8f4: folds
bf9765f3: folds
f9aab69e: raises 51,528 to 94,328 and is all-in
a68c54b2: folds
c9824e8e: folds
e80fa842: calls 51,528
f9aab69e: shows [Kc Ac]
e80fa842: shows [Jc Js]
*** FLOP *** [Th 4c 8d]
*** TURN *** [Th 4c 8d] [6s]
*** RIVER *** [Th 4c 8d 6s] [4h]
a68c54b2: shows [Jh As] (Pair of Fours)
*** SHOWDOWN ***
e80fa842 collected 215,456 from pot
*** SUMMARY ***
Total pot 215,456 | Rake 0 | Jackpot 0 | Bingo 0 | Fortune 0 | Tax 0
Board [Th 4c 8d 6s 4h]
Seat 1: 8f37c8f4 (small blind) folded before Flop
Seat 2: bf9765f3 (big blind) folded before Flop
Seat 3: f9aab69e showed [Kc Ac] and lost with Pair of Fours
Seat 4: a68c54b2 folded before Flop
Seat 5: c9824e8e folded before Flop
Seat 6: bf70ddde folded before Flop
Seat 7: e80fa842 showed [Jc Js] and won (215,456) with Pair of Jacks and Pair of Fours
Seat 8: Hero (button) folded before Flop


Poker Hand #TM3556832856: Tournament #156786464, Bounty Hunters Mini Big Game $2.50 Hold'em No Limit - Level9(2,000/4,000) - 2024/08/06 21:06:56
Table '251' 8-max Seat #7 is the button
Seat 1: 8f37c8f4 (97,900 in chips)
Seat 2: bf9765f3 (335,388 in chips)
Seat 3: f9aab69e (95,528 in chips)
Seat 4: a68c54b2 (322,894 in chips)
Seat 5: c9824e8e (99,400 in chips)
Seat 6: bf70ddde (240,212 in chips)
Seat 7: e80fa842 (425,984 in chips)
Seat 8: Hero (182,694 in chips)
a68c54b2: posts the ante 600
f9aab69e: posts the ante 600
c9824e8e: posts the ante 600
8f37c8f4: posts the ante 600
bf9765f3: posts the ante 600
bf70ddde: posts the ante 600
Hero: posts the ante 600
e80fa842: posts the ante 600
Hero: posts small blind 2,000
8f37c8f4: posts big blind 4,000
*** HOLE CARDS ***
Dealt to 8f37c8f4 
Dealt to bf9765f3 
Dealt to f9aab69e 
Dealt to a68c54b2 
Dealt to c9824e8e 
Dealt to bf70ddde 
Dealt to e80fa842 
Dealt to Hero [Kc Js]
bf9765f3: folds
f9aab69e: folds
a68c54b2: folds
c9824e8e: folds
bf70ddde: raises 6,400 to 10,400
e80fa842: folds
Hero: calls 8,400
8f37c8f4: calls 6,400
*** FLOP *** [4d 5s As]
Hero: checks
8f37c8f4: checks
bf70ddde: bets 12,000
Hero: folds
8f37c8f4: calls 12,000
*** TURN *** [4d 5s As] [8s]
8f37c8f4: checks
bf70ddde: checks
*** RIVER *** [4d 5s As 8s] [Ks]
8f37c8f4: checks
bf70ddde: checks
8f37c8f4: shows [5d 2h] (Pair of Fives)
bf70ddde: shows [6c 3c] (Ace-High)
Hero: shows [Js] (Ace High Flush)
*** SHOWDOWN ***
8f37c8f4 collected 60,000 from pot
*** SUMMARY ***
Total pot 60,000 | Rake 0 | Jackpot 0 | Bingo 0 | Fortune 0 | Tax 0
Board [4d 5s As 8s Ks]
Seat 1: 8f37c8f4 (big blind) showed [5d 2h] and won (60,000) with Pair of Fives
Seat 2: bf9765f3 folded before Flop
Seat 3: f9aab69e folded before Flop
Seat 4: a68c54b2 folded before Flop
Seat 5: c9824e8e folded before Flop
Seat 6: bf70ddde showed [6c 3c] and lost with Ace-High
Seat 7: e80fa842 (button) folded before Flop
Seat 8: Hero (small blind) folded on the Flop


Poker Hand #TM3556832808: Tournament #156786464, Bounty Hunters Mini Big Game $2.50 Hold'em No Limit - Level9(2,000/4,000) - 2024/08/06 21:06:08
Table '251' 8-max Seat #6 is the button
Seat 1: 8f37c8f4 (98,500 in chips)
Seat 2: bf9765f3 (311,588 in chips)
Seat 3: f9aab69e (96,128 in chips)
Seat 4: a68c54b2 (323,494 in chips)
Seat 5: c9824e8e (100,000 in chips)
Seat 6: bf70ddde (249,612 in chips)
Seat 7: e80fa842 (428,584 in chips)
Seat 8: Hero (192,094 in chips)
a68c54b2: posts the ante 600
f9aab69e: posts the ante 600
c9824e8e: posts the ante 600
8f37c8f4: posts the ante 600
bf9765f3: posts the ante 600
bf70ddde: posts the ante 600
Hero: posts the ante 600
e80fa842: posts the ante 600
e80fa842: posts small blind 2,000
Hero: posts big blind 4,000
*** HOLE CARDS ***
Dealt to 8f37c8f4 
Dealt to bf9765f3 
Dealt to f9aab69e 
Dealt to a68c54b2 
Dealt to c9824e8e 
Dealt to bf70ddde 
Dealt to e80fa842 
Dealt to Hero [Tc 4c]
8f37c8f4: folds
bf9765f3: raises 4,800 to 8,800
f9aab69e: folds
a68c54b2: folds
c9824e8e: folds
bf70ddde: calls 8,800
e80fa842: folds
Hero: calls 4,800
*** FLOP *** [6c Kh Kd]
Hero: checks
bf9765f3: bets 10,956
bf70ddde: folds
Hero: folds
Uncalled bet (10,956) returned to bf9765f3
*** SHOWDOWN ***
bf9765f3 collected 33,200 from pot
*** SUMMARY ***
Total pot 33,200 | Rake 0 | Jackpot 0 | Bingo 0 | Fortune 0 | Tax 0
Board [6c Kh Kd]
Seat 1: 8f37c8f4 folded before Flop
Seat 2: bf9765f3 won (33,200)
Seat 3: f9aab69e folded before Flop
Seat 4: a68c54b2 folded before Flop
Seat 5: c9824e8e folded before Flop
Seat 6: bf70ddde (button) folded on the Flop
Seat 7: e80fa842 (small blind) folded before Flop
Seat 8: Hero (big blind) folded on the Flop


Poker Hand #TM3556832749: Tournament #156786464, Bounty Hunters Mini Big Game $2.50 Hold'em No Limit - Level9(2,000/4,000) - 2024/08/06 21:05:05
Table '251' 8-max Seat #5 is the button
Seat 1: 8f37c8f4 (99,100 in chips)
Seat 2: bf9765f3 (312,188 in chips)
Seat 3: f9aab69e (257,470 in chips)
Seat 4: a68c54b2 (324,094 in chips)
Seat 5: 36c508ac (100,900 in chips)
Seat 6: bf70ddde (252,212 in chips)
Seat 7: e80fa842 (161,342 in chips)
Seat 8: Hero (192,694 in chips)
a68c54b2: posts the ante 600
f9aab69e: posts the ante 600
8f37c8f4: posts the ante 600
bf9765f3: posts the ante 600
36c508ac: posts the ante 600
bf70ddde: posts the ante 600
Hero: posts the ante 600
e80fa842: posts the ante 600
bf70ddde: posts small blind 2,000
e80fa842: posts big blind 4,000
*** HOLE CARDS ***
Dealt to 8f37c8f4 
Dealt to bf9765f3 
Dealt to f9aab69e 
Dealt to a68c54b2 
Dealt to 36c508ac 
Dealt to bf70ddde 
Dealt to e80fa842 
Dealt to Hero [Qc 6s]
Hero: folds
8f37c8f4: folds
bf9765f3: folds
f9aab69e: raises 6,000 to 10,000
a68c54b2: folds
36c508ac: raises 90,300 to 100,300 and is all-in
bf70ddde: folds
e80fa842: raises 60,442 to 160,742 and is all-in
f9aab69e: calls 150,742
e80fa842: shows [9h 9c]
f9aab69e: shows [As Qd]
36c508ac: shows [Jd Js]
*** FLOP *** [Ks Tc Kc]
*** TURN *** [Ks Tc Kc] [Ac]
*** RIVER *** [Ks Tc Kc Ac] [5c]
*** SHOWDOWN ***
e80fa842 collected 307,700 from pot
e80fa842 collected 120,884 from pot
*** SUMMARY ***
Total pot 428,584 | Rake 0 | Jackpot 0 | Bingo 0 | Fortune 0 | Tax 0
Board [Ks Tc Kc Ac 5c]
Seat 1: 8f37c8f4 folded before Flop
Seat 2: bf9765f3 folded before Flop
Seat 3: f9aab69e showed [As Qd] and lost with Pair of Aces and Pair of Kings
Seat 4: a68c54b2 folded before Flop
Seat 5: 36c508ac (button) showed [Jd Js] and lost with Pair of Kings and Pair of Jacks
Seat 6: bf70ddde (small blind) folded before Flop
Seat 7: e80fa842 (big blind) showed [9h 9c] and won (428,584) with Ace High Flush
Seat 8: Hero folded before Flop


Poker Hand #TM3556832704: Tournament #156786464, Bounty Hunters Mini Big Game $2.50 Hold'em No Limit - Level8(1,500/3,000) - 2024/08/06 21:04:06
Table '251' 8-max Seat #4 is the button
Seat 1: 8f37c8f4 (99,550 in chips)
Seat 2: bf9765f3 (301,538 in chips)
Seat 3: f9aab69e (257,920 in chips)
Seat 4: a68c54b2 (324,544 in chips)
Seat 5: 36c508ac (102,850 in chips)
Seat 6: bf70ddde (255,662 in chips)
Seat 7: e80fa842 (161,792 in chips)
Seat 8: Hero (196,144 in chips)
a68c54b2: posts the ante 450
f9aab69e: posts the ante 450
8f37c8f4: posts the ante 450
bf9765f3: posts the ante 450
36c508ac: posts the ante 450
bf70ddde: posts the ante 450
Hero: posts the ante 450
e80fa842: posts the ante 450
36c508ac: posts small blind 1,500
bf70ddde: posts big blind 3,000
*** HOLE CARDS ***
Dealt to 8f37c8f4 
Dealt to bf9765f3 
Dealt to f9aab69e 
Dealt to a68c54b2 
Dealt to 36c508ac 
Dealt to bf70ddde 
Dealt to e80fa842 
Dealt to Hero [Qc Jh]
e80fa842: folds
Hero: calls 3,000
8f37c8f4: folds
bf9765f3: raises 10,575 to 13,575
f9aab69e: folds
a68c54b2: folds
36c508ac: folds
bf70ddde: folds
Hero: folds
Uncalled bet (10,575) returned to bf9765f3
*** SHOWDOWN ***
bf9765f3 collected 14,100 from pot
*** SUMMARY ***
Total pot 14,100 | Rake 0 | Jackpot 0 | Bingo 0 | Fortune 0 | Tax 0
Seat 1: 8f37c8f4 folded before Flop
Seat 2: bf9765f3 collected (14,100)
Seat 3: f9aab69e folded before Flop
Seat 4: a68c54b2 (button) folded before Flop
Seat 5: 36c508ac (small blind) folded before Flop
Seat 6: bf70ddde (big blind) folded before Flop
Seat 7: e80fa842 folded before Flop
Seat 8: Hero folded before Flop


Poker Hand #TM3556832683: Tournament #156786464, Bounty Hunters Mini Big Game $2.50 Hold'em No Limit - Level8(1,500/3,000) - 2024/08/06 21:03:45
Table '251' 8-max Seat #3 is the button
Seat 1: 8f37c8f4 (100,000 in chips)
Seat 2: bf9765f3 (301,988 in chips)
Seat 3: f9aab69e (258,370 in chips)
Seat 4: a68c54b2 (326,494 in chips)
Seat 5: 36c508ac (98,200 in chips)
Seat 6: bf70ddde (256,112 in chips)
Seat 7: e80fa842 (162,242 in chips)
Seat 8: Hero (196,594 in chips)
f9aab69e: posts the ante 450
a68c54b2: posts the ante 450
8f37c8f4: posts the ante 450
bf9765f3: posts the ante 450
36c508ac: posts the ante 450
bf70ddde: posts the ante 450
Hero: posts the ante 450
e80fa842: posts the ante 450
a68c54b2: posts small blind 1,500
36c508ac: posts big blind 3,000
*** HOLE CARDS ***
Dealt to 8f37c8f4 
Dealt to bf9765f3 
Dealt to f9aab69e 
Dealt to a68c54b2 
Dealt to 36c508ac 
Dealt to bf70ddde 
Dealt to e80fa842 
Dealt to Hero [7c Th]
bf70ddde: folds
e80fa842: folds
Hero: folds
8f37c8f4: folds
bf9765f3: folds
f9aab69e: folds
a68c54b2: folds
Uncalled bet (1,500) returned to 36c508ac
*** SHOWDOWN ***
36c508ac collected 6,600 from pot
*** SUMMARY ***
Total pot 6,600 | Rake 0 | Jackpot 0 | Bingo 0 | Fortune 0 | Tax 0
Seat 1: 8f37c8f4 folded before Flop
Seat 2: bf9765f3 folded before Flop
Seat 3: f9aab69e (button) folded before Flop
Seat 4: a68c54b2 (small blind) folded before Flop
Seat 5: 36c508ac (big blind) collected (6,600)
Seat 6: bf70ddde folded before Flop
Seat 7: e80fa842 folded before Flop
Seat 8: Hero folded before Flop


Poker Hand #TM3556832630: Tournament #156786464, Bounty Hunters Mini Big Game $2.50 Hold'em No Limit - Level8(1,500/3,000) - 2024/08/06 21:02:51
Table '251' 8-max Seat #2 is the button
Seat 1: f82cc829 (91,750 in chips)
Seat 2: bf9765f3 (302,438 in chips)
Seat 3: f9aab69e (260,320 in chips)
Seat 4: a68c54b2 (212,544 in chips)
Seat 5: 36c508ac (98,650 in chips)
Seat 6: bf70ddde (265,562 in chips)
Seat 7: e80fa842 (162,692 in chips)
Seat 8: Hero (206,044 in chips)
a68c54b2: posts the ante 450
f9aab69e: posts the ante 450
bf9765f3: posts the ante 450
f82cc829: posts the ante 450
36c508ac: posts the ante 450
bf70ddde: posts the ante 450
Hero: posts the ante 450
e80fa842: posts the ante 450
f9aab69e: posts small blind 1,500
a68c54b2: posts big blind 3,000
*** HOLE CARDS ***
Dealt to f82cc829 
Dealt to bf9765f3 
Dealt to f9aab69e 
Dealt to a68c54b2 
Dealt to 36c508ac 
Dealt to bf70ddde 
Dealt to e80fa842 
Dealt to Hero [Qh Ah]
36c508ac: folds
bf70ddde: raises 6,000 to 9,000
e80fa842: folds
Hero: calls 9,000
f82cc829: calls 9,000
bf9765f3: folds
f9aab69e: folds
a68c54b2: raises 203,094 to 212,094 and is all-in
bf70ddde: folds
Hero: folds
f82cc829: calls 82,300 and is all-in
Uncalled bet (120,794) returned to a68c54b2
a68c54b2: shows [As Kh]
f82cc829: shows [Ks Qs]
*** FLOP *** [9c 6s 6c]
*** TURN *** [9c 6s 6c] [Th]
*** RIVER *** [9c 6s 6c Th] [7d]
Hero: shows [Ah] (Pair of Sixes)
*** SHOWDOWN ***
a68c54b2 collected 205,700 from pot
*** SUMMARY ***
Total pot 205,700 | Rake 0 | Jackpot 0 | Bingo 0 | Fortune 0 | Tax 0
Board [9c 6s 6c Th 7d]
Seat 1: f82cc829 showed [Ks Qs] and lost with Pair of Sixes
Seat 2: bf9765f3 (button) folded before Flop
Seat 3: f9aab69e (small blind) folded before Flop
Seat 4: a68c54b2 (big blind) showed [As Kh] and won (205,700) with Pair of Sixes
Seat 5: 36c508ac folded before Flop
Seat 6: bf70ddde folded before Flop
Seat 7: e80fa842 folded before Flop
Seat 8: Hero folded before Flop


Poker Hand #TM3556832573: Tournament #156786464, Bounty Hunters Mini Big Game $2.50 Hold'em No Limit - Level8(1,500/3,000) - 2024/08/06 21:02:06
Table '251' 8-max Seat #1 is the button
Seat 1: f82cc829 (81,100 in chips)
Seat 2: bf9765f3 (304,388 in chips)
Seat 3: f9aab69e (266,770 in chips)
Seat 4: a68c54b2 (212,994 in chips)
Seat 5: 36c508ac (99,100 in chips)
Seat 6: bf70ddde (266,012 in chips)
Seat 7: e80fa842 (163,142 in chips)
Seat 8: Hero (206,494 in chips)
a68c54b2: posts the ante 450
f9aab69e: posts the ante 450
bf9765f3: posts the ante 450
f82cc829: posts the ante 450
36c508ac: posts the ante 450
bf70ddde: posts the ante 450
Hero: posts the ante 450
e80fa842: posts the ante 450
bf9765f3: posts small blind 1,500
f9aab69e: posts big blind 3,000
*** HOLE CARDS ***
Dealt to f82cc829 
Dealt to bf9765f3 
Dealt to f9aab69e 
Dealt to a68c54b2 
Dealt to 36c508ac 
Dealt to bf70ddde 
Dealt to e80fa842 
Dealt to Hero [5c Kh]
a68c54b2: folds
36c508ac: folds
bf70ddde: folds
e80fa842: folds
Hero: folds
f82cc829: raises 3,000 to 6,000
bf9765f3: folds
f9aab69e: calls 3,000
*** FLOP *** [Ah 9d 7d]
f9aab69e: checks
f82cc829: bets 5,643
f9aab69e: folds
Uncalled bet (5,643) returned to f82cc829
*** SHOWDOWN ***
f82cc829 collected 17,100 from pot
*** SUMMARY ***
Total pot 17,100 | Rake 0 | Jackpot 0 | Bingo 0 | Fortune 0 | Tax 0
Board [Ah 9d 7d]
Seat 1: f82cc829 (button) won (17,100)
Seat 2: bf9765f3 (small blind) folded before Flop
Seat 3: f9aab69e (big blind) folded on the Flop
Seat 4: a68c54b2 folded before Flop
Seat 5: 36c508ac folded before Flop
Seat 6: bf70ddde folded before Flop
Seat 7: e80fa842 folded before Flop
Seat 8: Hero folded before Flop


Poker Hand #TM3556832546: Tournament #156786464, Bounty Hunters Mini Big Game $2.50 Hold'em No Limit - Level8(1,500/3,000) - 2024/08/06 20:54:50
Table '251' 8-max Seat #8 is the button
Seat 1: f82cc829 (83,050 in chips)
Seat 2: bf9765f3 (307,838 in chips)
Seat 3: f9aab69e (259,120 in chips)
Seat 4: a68c54b2 (213,444 in chips)
Seat 5: 36c508ac (99,550 in chips)
Seat 6: bf70ddde (266,462 in chips)
Seat 7: e80fa842 (163,592 in chips)
Seat 8: Hero (206,944 in chips)
a68c54b2: posts the ante 450
f9aab69e: posts the ante 450
bf9765f3: posts the ante 450
f82cc829: posts the ante 450
36c508ac: posts the ante 450
bf70ddde: posts the ante 450
Hero: posts the ante 450
e80fa842: posts the ante 450
f82cc829: posts small blind 1,500
bf9765f3: posts big blind 3,000
*** HOLE CARDS ***
Dealt to f82cc829 
Dealt to bf9765f3 
Dealt to f9aab69e 
Dealt to a68c54b2 
Dealt to 36c508ac 
Dealt to bf70ddde 
Dealt to e80fa842 
Dealt to Hero [Kd 2c]
f9aab69e: raises 3,000 to 6,000
a68c54b2: folds
36c508ac: folds
bf70ddde: folds
e80fa842: folds
Hero: folds
f82cc829: folds
bf9765f3: folds
Uncalled bet (3,000) returned to f9aab69e
*** SHOWDOWN ***
f9aab69e collected 11,100 from pot
*** SUMMARY ***
Total pot 11,100 | Rake 0 | Jackpot 0 | Bingo 0 | Fortune 0 | Tax 0
Seat 1: f82cc829 (small blind) folded before Flop
Seat 2: bf9765f3 (big blind) folded before Flop
Seat 3: f9aab69e collected (11,100)
Seat 4: a68c54b2 folded before Flop
Seat 5: 36c508ac folded before Flop
Seat 6: bf70ddde folded before Flop
Seat 7: e80fa842 folded before Flop
Seat 8: Hero (button) folded before Flop


Poker Hand #TM3556832480: Tournament #156786464, Bounty Hunters Mini Big Game $2.50 Hold'em No Limit - Level8(1,500/3,000) - 2024/08/06 20:53:35
Table '251' 8-max Seat #7 is the button
Seat 1: f82cc829 (86,500 in chips)
Seat 2: bf9765f3 (308,288 in chips)
Seat 3: f9aab69e (259,570 in chips)
Seat 4: a68c54b2 (213,894 in chips)
Seat 5: 36c508ac (100,000 in chips)
Seat 6: bf70ddde (177,872 in chips)
Seat 7: e80fa842 (164,042 in chips)
Seat 8: Hero (289,834 in chips)
a68c54b2: posts the ante 450
f9aab69e: posts the ante 450
bf9765f3: posts the ante 450
f82cc829: posts the ante 450
36c508ac: posts the ante 450
bf70ddde: posts the ante 450
Hero: posts the ante 450
e80fa842: posts the ante 450
Hero: posts small blind 1,500
f82cc829: posts big blind 3,000
*** HOLE CARDS ***
Dealt to f82cc829 
Dealt to bf9765f3 
Dealt to f9aab69e 
Dealt to a68c54b2 
Dealt to 36c508ac 
Dealt to bf70ddde 
Dealt to e80fa842 
Dealt to Hero [Jc Ks]
bf9765f3: folds
f9aab69e: folds
a68c54b2: folds
36c508ac: folds
bf70ddde: raises 6,000 to 9,000
e80fa842: folds
Hero: calls 7,500
f82cc829: folds
*** FLOP *** [Qc Kh 8d]
Hero: checks
bf70ddde: bets 7,200
Hero: raises 12,870 to 20,070
bf70ddde: calls 12,870
*** TURN *** [Qc Kh 8d] [Qd]
Hero: checks
bf70ddde: bets 15,000
Hero: calls 15,000
*** RIVER *** [Qc Kh 8d Qd] [7s]
Hero: checks
bf70ddde: bets 38,370
Hero: calls 38,370
bf70ddde: shows [8h 8s] (Eights Full over Queens)
Hero: shows [Jc Ks] (Pair of Kings and Pair of Queens)
*** SHOWDOWN ***
bf70ddde collected 171,480 from pot
*** SUMMARY ***
Total pot 171,480 | Rake 0 | Jackpot 0 | Bingo 0 | Fortune 0 | Tax 0
Board [Qc Kh 8d Qd 7s]
Seat 1: f82cc829 (big blind) folded before Flop
Seat 2: bf9765f3 folded before Flop
Seat 3: f9aab69e folded before Flop
Seat 4: a68c54b2 folded before Flop
Seat 5: 36c508ac folded before Flop
Seat 6: bf70ddde showed [8h 8s] and won (171,480) with Eights Full over Queens
Seat 7: e80fa842 (button) folded before Flop
Seat 8: Hero (small blind) showed [Jc Ks] and lost with Pair of Kings and Pair of Queens


Poker Hand #TM3556832412: Tournament #156786464, Bounty Hunters Mini Big Game $2.50 Hold'em No Limit - Level8(1,500/3,000) - 2024/08/06 20:52:29
Table '251' 8-max Seat #6 is the button
Seat 1: f82cc829 (86,950 in chips)
Seat 2: bf9765f3 (308,738 in chips)
Seat 3: f9aab69e (260,020 in chips)
Seat 4: a68c54b2 (214,344 in chips)
Seat 5: ece4683e (34,971 in chips)
Seat 6: bf70ddde (178,322 in chips)
Seat 7: e80fa842 (165,992 in chips)
Seat 8: Hero (250,663 in chips)
a68c54b2: posts the ante 450
f9aab69e: posts the ante 450
bf9765f3: posts the ante 450
f82cc829: posts the ante 450
ece4683e: posts the ante 450
bf70ddde: posts the ante 450
Hero: posts the ante 450
e80fa842: posts the ante 450
e80fa842: posts small blind 1,500
Hero: posts big blind 3,000
*** HOLE CARDS ***
Dealt to f82cc829 
Dealt to bf9765f3 
Dealt to f9aab69e 
Dealt to a68c54b2 
Dealt to ece4683e 
Dealt to bf70ddde 
Dealt to e80fa842 
Dealt to Hero [Qs Th]
f82cc829: folds
bf9765f3: folds
f9aab69e: folds
a68c54b2: folds
ece4683e: raises 11,100 to 14,100
bf70ddde: folds
e80fa842: folds
Hero: calls 11,100
*** FLOP *** [Qc 7s Jd]
Hero: checks
ece4683e: bets 20,421 and is all-in
Hero: calls 20,421
ece4683e: shows [4c 4h] (Pair of Fours)
Hero: shows [Qs Th] (Pair of Queens)
*** TURN *** [Qc 7s Jd] [7d]
*** RIVER *** [Qc 7s Jd 7d] [3d]
*** SHOWDOWN ***
Hero collected 74,142 from pot
*** SUMMARY ***
Total pot 74,142 | Rake 0 | Jackpot 0 | Bingo 0 | Fortune 0 | Tax 0
Board [Qc 7s Jd 7d 3d]
Seat 1: f82cc829 folded before Flop
Seat 2: bf9765f3 folded before Flop
Seat 3: f9aab69e folded before Flop
Seat 4: a68c54b2 folded before Flop
Seat 5: ece4683e showed [4c 4h] and lost with Pair of Sevens and Pair of Fours
Seat 6: bf70ddde (button) folded before Flop
Seat 7: e80fa842 (small blind) folded before Flop
Seat 8: Hero (big blind) showed [Qs Th] and won (74,142) with Pair of Queens and Pair of Sevens


Poker Hand #TM3556832373: Tournament #156786464, Bounty Hunters Mini Big Game $2.50 Hold'em No Limit - Level8(1,500/3,000) - 2024/08/06 20:51:50
Table '251' 8-max Seat #5 is the button
Seat 1: f82cc829 (87,400 in chips)
Seat 2: bf9765f3 (309,188 in chips)
Seat 3: f9aab69e (260,470 in chips)
Seat 4: a68c54b2 (214,794 in chips)
Seat 5: ece4683e (35,421 in chips)
Seat 6: bf70ddde (172,172 in chips)
Seat 7: e80fa842 (169,442 in chips)
Seat 8: Hero (251,113 in chips)
a68c54b2: posts the ante 450
f9aab69e: posts the ante 450
bf9765f3: posts the ante 450
f82cc829: posts the ante 450
ece4683e: posts the ante 450
bf70ddde: posts the ante 450
Hero: posts the ante 450
e80fa842: posts the ante 450
bf70ddde: posts small blind 1,500
e80fa842: posts big blind 3,000
*** HOLE CARDS ***
Dealt to f82cc829 
Dealt to bf9765f3 
Dealt to f9aab69e 
Dealt to a68c54b2 
Dealt to ece4683e 
Dealt to bf70ddde 
Dealt to e80fa842 
Dealt to Hero [8d 3h]
Hero: folds
f82cc829: folds
bf9765f3: folds
f9aab69e: folds
a68c54b2: folds
ece4683e: folds
bf70ddde: calls 1,500
e80fa842: checks
*** FLOP *** [Ah 7d 2h]
bf70ddde: checks
e80fa842: checks
*** TURN *** [Ah 7d 2h] [Qh]
bf70ddde: checks
e80fa842: checks
*** RIVER *** [Ah 7d 2h Qh] [Js]
bf70ddde: checks
e80fa842: checks
bf70ddde: shows [8s 9d] (Ace-High)
e80fa842: shows [9c 3s] (Ace-High)
ece4683e: shows [7h 2s] (Pair of Sevens and Pair of Twos)
*** SHOWDOWN ***
bf70ddde collected 9,600 from pot
*** SUMMARY ***
Total pot 9,600 | Rake 0 | Jackpot 0 | Bingo 0 | Fortune 0 | Tax 0
Board [Ah 7d 2h Qh Js]
Seat 1: f82cc829 folded before Flop
Seat 2: bf9765f3 folded before Flop
Seat 3: f9aab69e folded before Flop
Seat 4: a68c54b2 folded before Flop
Seat 5: ece4683e (button) folded before Flop
Seat 6: bf70ddde (small blind) showed [8s 9d] and won (9,600) with Ace-High
Seat 7: e80fa842 (big blind) showed [9c 3s] and lost with Ace-High
Seat 8: Hero folded before Flop


Poker Hand #TM3556832339: Tournament #156786464, Bounty Hunters Mini Big Game $2.50 Hold'em No Limit - Level8(1,500/3,000) - 2024/08/06 20:51:13
Table '251' 8-max Seat #4 is the button
Seat 1: f82cc829 (87,850 in chips)
Seat 2: bf9765f3 (309,638 in chips)
Seat 3: f9aab69e (260,920 in chips)
Seat 4: a68c54b2 (215,244 in chips)
Seat 5: ece4683e (43,371 in chips)
Seat 6: bf70ddde (180,122 in chips)
Seat 7: e80fa842 (169,892 in chips)
Seat 8: Hero (232,963 in chips)
a68c54b2: posts the ante 450
f9aab69e: posts the ante 450
bf9765f3: posts the ante 450
f82cc829: posts the ante 450
ece4683e: posts the ante 450
bf70ddde: posts the ante 450
Hero: posts the ante 450
e80fa842: posts the ante 450
ece4683e: posts small blind 1,500
bf70ddde: posts big blind 3,000
*** HOLE CARDS ***
Dealt to f82cc829 
Dealt to bf9765f3 
Dealt to f9aab69e 
Dealt to a68c54b2 
Dealt to ece4683e 
Dealt to bf70ddde 
Dealt to e80fa842 
Dealt to Hero [Qs As]
e80fa842: folds
Hero: raises 4,500 to 7,500
f82cc829: folds
bf9765f3: folds
f9aab69e: folds
a68c54b2: folds
ece4683e: calls 6,000
bf70ddde: calls 4,500
*** FLOP *** [Td 9h Jc]
ece4683e: checks
bf70ddde: checks
Hero: bets 13,050
ece4683e: folds
bf70ddde: folds
Uncalled bet (13,050) returned to Hero
*** SHOWDOWN ***
Hero collected 26,100 from pot
*** SUMMARY ***
Total pot 26,100 | Rake 0 | Jackpot 0 | Bingo 0 | Fortune 0 | Tax 0
Board [Td 9h Jc]
Seat 1: f82cc829 folded before Flop
Seat 2: bf9765f3 folded before Flop
Seat 3: f9aab69e folded before Flop
Seat 4: a68c54b2 (button) folded before Flop
Seat 5: ece4683e (small blind) folded on the Flop
Seat 6: bf70ddde (big blind) folded on the Flop
Seat 7: e80fa842 folded before Flop
Seat 8: Hero won (26,100)


Poker Hand #TM3556832279: Tournament #156786464, Bounty Hunters Mini Big Game $2.50 Hold'em No Limit - Level8(1,500/3,000) - 2024/08/06 20:50:12
Table '251' 8-max Seat #3 is the button
Seat 1: f82cc829 (88,300 in chips)
Seat 2: bf9765f3 (292,349 in chips)
Seat 3: f9aab69e (261,370 in chips)
Seat 4: a68c54b2 (217,194 in chips)
Seat 5: ece4683e (56,460 in chips)
Seat 6: bf70ddde (180,572 in chips)
Seat 7: e80fa842 (170,342 in chips)
Seat 8: Hero (233,413 in chips)
f9aab69e: posts the ante 450
a68c54b2: posts the ante 450
bf9765f3: posts the ante 450
f82cc829: posts the ante 450
ece4683e: posts the ante 450
bf70ddde: posts the ante 450
Hero: posts the ante 450
e80fa842: posts the ante 450
a68c54b2: posts small blind 1,500
ece4683e: posts big blind 3,000
*** HOLE CARDS ***
Dealt to f82cc829 
Dealt to bf9765f3 
Dealt to f9aab69e 
Dealt to a68c54b2 
Dealt to ece4683e 
Dealt to bf70ddde 
Dealt to e80fa842 
Dealt to Hero [5s 2s]
bf70ddde: folds
e80fa842: folds
Hero: folds
f82cc829: folds
bf9765f3: raises 3,600 to 6,600
f9aab69e: folds
a68c54b2: folds
ece4683e: calls 3,600
*** FLOP *** [Td As Ts]
ece4683e: checks
bf9765f3: bets 6,039
ece4683e: calls 6,039
*** TURN *** [Td As Ts] [Qs]
ece4683e: checks
bf9765f3: bets 15,189
ece4683e: folds
Uncalled bet (15,189) returned to bf9765f3
*** SHOWDOWN ***
bf9765f3 collected 30,378 from pot
*** SUMMARY ***
Total pot 30,378 | Rake 0 | Jackpot 0 | Bingo 0 | Fortune 0 | Tax 0
Board [Td As Ts Qs]
Seat 1: f82cc829 folded before Flop
Seat 2: bf9765f3 won (30,378)
Seat 3: f9aab69e (button) folded before Flop
Seat 4: a68c54b2 (small blind) folded before Flop
Seat 5: ece4683e (big blind) folded on the Turn
Seat 6: bf70ddde folded before Flop
Seat 7: e80fa842 folded before Flop
Seat 8: Hero folded before Flop


Poker Hand #TM3556832228: Tournament #156786464, Bounty Hunters Mini Big Game $2.50 Hold'em No Limit - Level8(1,500/3,000) - 2024/08/06 20:49:24
Table '251' 8-max Seat #2 is the button
Seat 1: f82cc829 (94,750 in chips)
Seat 2: bf9765f3 (292,799 in chips)
Seat 3: f9aab69e (263,320 in chips)
Seat 4: a68c54b2 (200,544 in chips)
Seat 5: ece4683e (56,910 in chips)
Seat 6: bf70ddde (181,022 in chips)
Seat 7: e80fa842 (170,792 in chips)
Seat 8: Hero (239,863 in chips)
a68c54b2: posts the ante 450
f9aab69e: posts the ante 450
bf9765f3: posts the ante 450
f82cc829: posts the ante 450
ece4683e: posts the ante 450
bf70ddde: posts the ante 450
Hero: posts the ante 450
e80fa842: posts the ante 450
f9aab69e: posts small blind 1,500
a68c54b2: posts big blind 3,000
*** HOLE CARDS ***
Dealt to f82cc829 
Dealt to bf9765f3 
Dealt to f9aab69e 
Dealt to a68c54b2 
Dealt to ece4683e 
Dealt to bf70ddde 
Dealt to e80fa842 
Dealt to Hero [Ac Qd]
ece4683e: folds
bf70ddde: folds
e80fa842: folds
Hero: raises 3,000 to 6,000
f82cc829: calls 6,000
bf9765f3: folds
f9aab69e: folds
a68c54b2: raises 26,100 to 32,100
Hero: folds
f82cc829: folds
Uncalled bet (26,100) returned to a68c54b2
*** SHOWDOWN ***
a68c54b2 collected 23,100 from pot
*** SUMMARY ***
Total pot 23,100 | Rake 0 | Jackpot 0 | Bingo 0 | Fortune 0 | Tax 0
Seat 1: f82cc829 folded before Flop
Seat 2: bf9765f3 (button) folded before Flop
Seat 3: f9aab69e (small blind) folded before Flop
Seat 4: a68c54b2 (big blind) collected (23,100)
Seat 5: ece4683e folded before Flop
Seat 6: bf70ddde folded before Flop
Seat 7: e80fa842 folded before Flop
Seat 8: Hero folded before Flop


Poker Hand #TM3556832172: Tournament #156786464, Bounty Hunters Mini Big Game $2.50 Hold'em No Limit - Level8(1,500/3,000) - 2024/08/06 20:48:25
Table '251' 8-max Seat #1 is the button
Seat 1: f82cc829 (95,200 in chips)
Seat 2: bf9765f3 (299,249 in chips)
Seat 3: f9aab69e (269,770 in chips)
Seat 4: a68c54b2 (200,994 in chips)
Seat 5: ece4683e (35,760 in chips)
Seat 6: bf70ddde (181,472 in chips)
Seat 7: e80fa842 (171,242 in chips)
Seat 8: Hero (246,313 in chips)
a68c54b2: posts the ante 450
f9aab69e: posts the ante 450
bf9765f3: posts the ante 450
f82cc829: posts the ante 450
ece4683e: posts the ante 450
bf70ddde: posts the ante 450
Hero: posts the ante 450
e80fa842: posts the ante 450
bf9765f3: posts small blind 1,500
f9aab69e: posts big blind 3,000
*** HOLE CARDS ***
Dealt to f82cc829 
Dealt to bf9765f3 
Dealt to f9aab69e 
Dealt to a68c54b2 
Dealt to ece4683e 
Dealt to bf70ddde 
Dealt to e80fa842 
Dealt to Hero [5d 4h]
a68c54b2: folds
ece4683e: raises 3,000 to 6,000
bf70ddde: folds
e80fa842: folds
Hero: calls 6,000
f82cc829: folds
bf9765f3: calls 4,500
f9aab69e: calls 3,000
*** FLOP *** [9c 9h 9s]
bf9765f3: checks
f9aab69e: checks
ece4683e: checks
Hero: checks
*** TURN *** [9c 9h 9s] [2s]
bf9765f3: checks
f9aab69e: checks
ece4683e: checks
Hero: checks
*** RIVER *** [9c 9h 9s 2s] [Kc]
bf9765f3: checks
f9aab69e: checks
ece4683e: checks
Hero: checks
bf9765f3: shows [7c 8c] (Three Nines)
f9aab69e: shows [3c 4c] (Three Nines)
ece4683e: shows [5s Js] (Three Nines)
Hero: shows [5d 4h] (Three Nines)
*** SHOWDOWN ***
ece4683e collected 27,600 from pot
*** SUMMARY ***
Total pot 27,600 | Rake 0 | Jackpot 0 | Bingo 0 | Fortune 0 | Tax 0
Board [9c 9h 9s 2s Kc]
Seat 1: f82cc829 (button) folded before Flop
Seat 2: bf9765f3 (small blind) showed [7c 8c] and lost with Three Nines
Seat 3: f9aab69e (big blind) showed [3c 4c] and lost with Three Nines
Seat 4: a68c54b2 folded before Flop
Seat 5: ece4683e showed [5s Js] and won (27,600) with Three Nines
Seat 6: bf70ddde folded before Flop
Seat 7: e80fa842 folded before Flop
Seat 8: Hero showed [5d 4h] and lost with Three Nines


Poker Hand #TM3556832132: Tournament #156786464, Bounty Hunters Mini Big Game $2.50 Hold'em No Limit - Level7(1,250/2,500) - 2024/08/06 20:47:37
Table '251' 8-max Seat #8 is the button
Seat 1: f82cc829 (96,800 in chips)
Seat 2: bf9765f3 (305,849 in chips)
Seat 3: f9aab69e (270,120 in chips)
Seat 4: a68c54b2 (201,344 in chips)
Seat 5: ece4683e (36,110 in chips)
Seat 6: bf70ddde (181,822 in chips)
Seat 7: e80fa842 (171,592 in chips)
Seat 8: Hero (236,363 in chips)
a68c54b2: posts the ante 350
f9aab69e: posts the ante 350
bf9765f3: posts the ante 350
f82cc829: posts the ante 350
ece4683e: posts the ante 350
bf70ddde: posts the ante 350
Hero: posts the ante 350
e80fa842: posts the ante 350
f82cc829: posts small blind 1,250
bf9765f3: posts big blind 2,500
*** HOLE CARDS ***
Dealt to f82cc829 
Dealt to bf9765f3 
Dealt to f9aab69e 
Dealt to a68c54b2 
Dealt to ece4683e 
Dealt to bf70ddde 
Dealt to e80fa842 
Dealt to Hero [Ks Kh]
f9aab69e: folds
a68c54b2: folds
ece4683e: folds
bf70ddde: folds
e80fa842: folds
Hero: raises 3,750 to 6,250
f82cc829: folds
bf9765f3: calls 3,750
*** FLOP *** [Kd 2d Jd]
bf9765f3: checks
Hero: bets 8,275
bf9765f3: folds
Uncalled bet (8,275) returned to Hero
*** SHOWDOWN ***
Hero collected 16,550 from pot
*** SUMMARY ***
Total pot 16,550 | Rake 0 | Jackpot 0 | Bingo 0 | Fortune 0 | Tax 0
Board [Kd 2d Jd]
Seat 1: f82cc829 (small blind) folded before Flop
Seat 2: bf9765f3 (big blind) folded on the Flop
Seat 3: f9aab69e folded before Flop
Seat 4: a68c54b2 folded before Flop
Seat 5: ece4683e folded before Flop
Seat 6: bf70ddde folded before Flop
Seat 7: e80fa842 folded before Flop
Seat 8: Hero (button) won (16,550)


Poker Hand #TM3556832054: Tournament #156786464, Bounty Hunters Mini Big Game $2.50 Hold'em No Limit - Level7(1,250/2,500) - 2024/08/06 20:46:12
Table '251' 8-max Seat #7 is the button
Seat 1: f82cc829 (99,650 in chips)
Seat 2: bf9765f3 (306,199 in chips)
Seat 3: f9aab69e (270,470 in chips)
Seat 4: a68c54b2 (201,694 in chips)
Seat 5: ece4683e (48,002 in chips)
Seat 6: bf70ddde (182,172 in chips)
Seat 7: e80fa842 (171,942 in chips)
Seat 8: Hero (219,871 in chips)
a68c54b2: posts the ante 350
f9aab69e: posts the ante 350
bf9765f3: posts the ante 350
f82cc829: posts the ante 350
ece4683e: posts the ante 350
bf70ddde: posts the ante 350
Hero: posts the ante 350
e80fa842: posts the ante 350
Hero: posts small blind 1,250
f82cc829: posts big blind 2,500
*** HOLE CARDS ***
Dealt to f82cc829 
Dealt to bf9765f3 
Dealt to f9aab69e 
Dealt to a68c54b2 
Dealt to ece4683e 
Dealt to bf70ddde 
Dealt to e80fa842 
Dealt to Hero [7s Ts]
bf9765f3: folds
f9aab69e: folds
a68c54b2: folds
ece4683e: calls 2,500
bf70ddde: folds
e80fa842: folds
Hero: calls 1,250
f82cc829: checks
*** FLOP *** [Qd Ks 7c]
Hero: checks
f82cc829: checks
ece4683e: bets 3,399
Hero: calls 3,399
f82cc829: folds
*** TURN *** [Qd Ks 7c] [Ac]
Hero: checks
ece4683e: bets 5,643
Hero: calls 5,643
*** RIVER *** [Qd Ks 7c Ac] [Jd]
Hero: bets 37,500
ece4683e: folds
Uncalled bet (37,500) returned to Hero
*** SHOWDOWN ***
Hero collected 28,384 from pot
*** SUMMARY ***
Total pot 28,384 | Rake 0 | Jackpot 0 | Bingo 0 | Fortune 0 | Tax 0
Board [Qd Ks 7c Ac Jd]
Seat 1: f82cc829 (big blind) folded on the Flop
Seat 2: bf9765f3 folded before Flop
Seat 3: f9aab69e folded before Flop
Seat 4: a68c54b2 folded before Flop
Seat 5: ece4683e folded on the River
Seat 6: bf70ddde folded before Flop
Seat 7: e80fa842 (button) folded before Flop
Seat 8: Hero (small blind) won (28,384)


Poker Hand #TM3556832004: Tournament #156786464, Bounty Hunters Mini Big Game $2.50 Hold'em No Limit - Level7(1,250/2,500) - 2024/08/06 20:45:17
Table '251' 8-max Seat #6 is the button
Seat 1: f82cc829 (100,000 in chips)
Seat 2: bf9765f3 (306,549 in chips)
Seat 3: f9aab69e (300,345 in chips)
Seat 4: a68c54b2 (202,044 in chips)
Seat 5: ece4683e (53,352 in chips)
Seat 6: bf70ddde (182,522 in chips)
Seat 7: e80fa842 (173,542 in chips)
Seat 8: Hero (181,646 in chips)
a68c54b2: posts the ante 350
f9aab69e: posts the ante 350
bf9765f3: posts the ante 350
f82cc829: posts the ante 350
ece4683e: posts the ante 350
bf70ddde: posts the ante 350
Hero: posts the ante 350
e80fa842: posts the ante 350
e80fa842: posts small blind 1,250
Hero: posts big blind 2,500
*** HOLE CARDS ***
Dealt to f82cc829 
Dealt to bf9765f3 
Dealt to f9aab69e 
Dealt to a68c54b2 
Dealt to ece4683e 
Dealt to bf70ddde 
Dealt to e80fa842 
Dealt to Hero [3d 6d]
f82cc829: folds
bf9765f3: folds
f9aab69e: raises 2,500 to 5,000
a68c54b2: folds
ece4683e: calls 5,000
bf70ddde: folds
e80fa842: folds
Hero: calls 2,500
*** FLOP *** [9h 6h 6c]
Hero: checks
f9aab69e: bets 7,500
ece4683e: folds
Hero: calls 7,500
*** TURN *** [9h 6h 6c] [2s]
Hero: checks
f9aab69e: bets 17,025
Hero: calls 17,025
*** RIVER *** [9h 6h 6c 2s] [Qs]
Hero: checks
f9aab69e: checks
Hero: shows [3d 6d] (Three Sixes)
f9aab69e: shows [8c 7c] (Pair of Sixes)
*** SHOWDOWN ***
Hero collected 68,100 from pot
*** SUMMARY ***
Total pot 68,100 | Rake 0 | Jackpot 0 | Bingo 0 | Fortune 0 | Tax 0
Board [9h 6h 6c 2s Qs]
Seat 1: f82cc829 folded before Flop
Seat 2: bf9765f3 folded before Flop
Seat 3: f9aab69e showed [8c 7c] and lost with Pair of Sixes
Seat 4: a68c54b2 folded before Flop
Seat 5: ece4683e folded on the Flop
Seat 6: bf70ddde (button) folded before Flop
Seat 7: e80fa842 (small blind) folded before Flop
Seat 8: Hero (big blind) showed [3d 6d] and won (68,100) with Three Sixes


Poker Hand #TM3556831950: Tournament #156786464, Bounty Hunters Mini Big Game $2.50 Hold'em No Limit - Level7(1,250/2,500) - 2024/08/06 20:44:23
Table '251' 8-max Seat #5 is the button
Seat 2: bf9765f3 (306,899 in chips)
Seat 3: f9aab69e (300,695 in chips)
Seat 4: a68c54b2 (202,394 in chips)
Seat 5: ece4683e (81,644 in chips)
Seat 6: bf70ddde (184,122 in chips)
Seat 7: e80fa842 (176,392 in chips)
Seat 8: Hero (147,854 in chips)
a68c54b2: posts the ante 350
f9aab69e: posts the ante 350
bf9765f3: posts the ante 350
ece4683e: posts the ante 350
bf70ddde: posts the ante 350
Hero: posts the ante 350
e80fa842: posts the ante 350
bf70ddde: posts small blind 1,250
e80fa842: posts big blind 2,500
*** HOLE CARDS ***
Dealt to bf9765f3 
Dealt to f9aab69e 
Dealt to a68c54b2 
Dealt to ece4683e 
Dealt to bf70ddde 
Dealt to e80fa842 
Dealt to Hero [As Ad]
Hero: raises 3,750 to 6,250
bf9765f3: folds
f9aab69e: folds
a68c54b2: folds
ece4683e: calls 6,250
bf70ddde: folds
e80fa842: folds
*** FLOP *** [Ts 8h 2c]
Hero: checks
ece4683e: checks
*** TURN *** [Ts 8h 2c] [Th]
Hero: checks
ece4683e: bets 6,171
Hero: calls 6,171
*** RIVER *** [Ts 8h 2c Th] [7d]
Hero: checks
ece4683e: bets 15,521
Hero: calls 15,521
ece4683e: shows [Qh 9h] (Pair of Tens)
Hero: shows [As Ad] (Pair of Aces and Pair of Tens)
*** SHOWDOWN ***
Hero collected 62,084 from pot
*** SUMMARY ***
Total pot 62,084 | Rake 0 | Jackpot 0 | Bingo 0 | Fortune 0 | Tax 0
Board [Ts 8h 2c Th 7d]
Seat 2: bf9765f3 folded before Flop
Seat 3: f9aab69e folded before Flop
Seat 4: a68c54b2 folded before Flop
Seat 5: ece4683e (button) showed [Qh 9h] and lost with Pair of Tens
Seat 6: bf70ddde (small blind) folded before Flop
Seat 7: e80fa842 (big blind) folded before Flop
Seat 8: Hero showed [As Ad] and won (62,084) with Pair of Aces and Pair of Tens


Poker Hand #TM3556831896: Tournament #156786464, Bounty Hunters Mini Big Game $2.50 Hold'em No Limit - Level7(1,250/2,500) - 2024/08/06 20:43:28
Table '251' 8-max Seat #4 is the button
Seat 1: 4d2a9b36 (35,408 in chips)
Seat 2: bf9765f3 (265,641 in chips)
Seat 3: f9aab69e (301,045 in chips)
Seat 4: a68c54b2 (202,744 in chips)
Seat 5: ece4683e (83,244 in chips)
Seat 6: bf70ddde (186,972 in chips)
Seat 7: e80fa842 (176,742 in chips)
Seat 8: Hero (148,204 in chips)
a68c54b2: posts the ante 350
f9aab69e: posts the ante 350
4d2a9b36: posts the ante 350
bf9765f3: posts the ante 350
ece4683e: posts the ante 350
bf70ddde: posts the ante 350
Hero: posts the ante 350
e80fa842: posts the ante 350
ece4683e: posts small blind 1,250
bf70ddde: posts big blind 2,500
*** HOLE CARDS ***
Dealt to 4d2a9b36 
Dealt to bf9765f3 
Dealt to f9aab69e 
Dealt to a68c54b2 
Dealt to ece4683e 
Dealt to bf70ddde 
Dealt to e80fa842 
Dealt to Hero [4h 8s]
e80fa842: folds
Hero: folds
4d2a9b36: raises 2,500 to 5,000
bf9765f3: raises 23,832 to 28,832
f9aab69e: folds
a68c54b2: folds
ece4683e: folds
bf70ddde: folds
4d2a9b36: raises 6,226 to 35,058 and is all-in
bf9765f3: calls 6,226
4d2a9b36: shows [Kh Qs]
bf9765f3: shows [9h 9d]
*** FLOP *** [Kc 3h 5h]
*** TURN *** [Kc 3h 5h] [9s]
*** RIVER *** [Kc 3h 5h 9s] [3c]
*** SHOWDOWN ***
bf9765f3 collected 76,666 from pot
*** SUMMARY ***
Total pot 76,666 | Rake 0 | Jackpot 0 | Bingo 0 | Fortune 0 | Tax 0
Board [Kc 3h 5h 9s 3c]
Seat 1: 4d2a9b36 showed [Kh Qs] and lost with Pair of Kings and Pair of Treys
Seat 2: bf9765f3 showed [9h 9d] and won (76,666) with Nines Full over Treys
Seat 3: f9aab69e folded before Flop
Seat 4: a68c54b2 (button) folded before Flop
Seat 5: ece4683e (small blind) folded before Flop
Seat 6: bf70ddde (big blind) folded before Flop
Seat 7: e80fa842 folded before Flop
Seat 8: Hero folded before Flop


Poker Hand #TM3556831819: Tournament #156786464, Bounty Hunters Mini Big Game $2.50 Hold'em No Limit - Level7(1,250/2,500) - 2024/08/06 20:42:11
Table '251' 8-max Seat #3 is the button
Seat 1: 4d2a9b36 (35,758 in chips)
Seat 2: bf9765f3 (265,991 in chips)
Seat 3: f9aab69e (228,750 in chips)
Seat 4: a68c54b2 (204,344 in chips)
Seat 5: ece4683e (152,189 in chips)
Seat 6: bf70ddde (187,322 in chips)
Seat 7: e80fa842 (177,092 in chips)
Seat 8: Hero (148,554 in chips)
f9aab69e: posts the ante 350
4d2a9b36: posts the ante 350
a68c54b2: posts the ante 350
bf9765f3: posts the ante 350
ece4683e: posts the ante 350
bf70ddde: posts the ante 350
Hero: posts the ante 350
e80fa842: posts the ante 350
a68c54b2: posts small blind 1,250
ece4683e: posts big blind 2,500
*** HOLE CARDS ***
Dealt to 4d2a9b36 
Dealt to bf9765f3 
Dealt to f9aab69e 
Dealt to a68c54b2 
Dealt to ece4683e 
Dealt to bf70ddde 
Dealt to e80fa842 
Dealt to Hero [9h Js]
bf70ddde: folds
e80fa842: folds
Hero: folds
4d2a9b36: folds
bf9765f3: folds
f9aab69e: raises 5,000 to 7,500
a68c54b2: folds
ece4683e: calls 5,000
*** FLOP *** [8h 6d Jc]
ece4683e: checks
f9aab69e: checks
*** TURN *** [8h 6d Jc] [5h]
ece4683e: bets 6,287
f9aab69e: calls 6,287
*** RIVER *** [8h 6d Jc 5h] [3h]
ece4683e: bets 10,436
f9aab69e: raises 44,372 to 54,808
ece4683e: calls 44,372
f9aab69e: shows [2h Ah] (Ace High Flush)
ece4683e: shows [3c 3s] (Three Treys)
*** SHOWDOWN ***
f9aab69e collected 141,240 from pot
*** SUMMARY ***
Total pot 141,240 | Rake 0 | Jackpot 0 | Bingo 0 | Fortune 0 | Tax 0
Board [8h 6d Jc 5h 3h]
Seat 1: 4d2a9b36 folded before Flop
Seat 2: bf9765f3 folded before Flop
Seat 3: f9aab69e (button) showed [2h Ah] and won (141,240) with Ace High Flush
Seat 4: a68c54b2 (small blind) folded before Flop
Seat 5: ece4683e (big blind) showed [3c 3s] and lost with Three Treys
Seat 6: bf70ddde folded before Flop
Seat 7: e80fa842 folded before Flop
Seat 8: Hero folded before Flop


Poker Hand #TM3556831776: Tournament #156786464, Bounty Hunters Mini Big Game $2.50 Hold'em No Limit - Level7(1,250/2,500) - 2024/08/06 20:41:27
Table '251' 8-max Seat #2 is the button
Seat 1: 4d2a9b36 (36,108 in chips)
Seat 2: bf9765f3 (266,341 in chips)
Seat 3: f9aab69e (218,800 in chips)
Seat 4: a68c54b2 (207,194 in chips)
Seat 5: ece4683e (152,539 in chips)
Seat 6: bf70ddde (187,672 in chips)
Seat 7: e80fa842 (177,442 in chips)
Seat 8: Hero (153,904 in chips)
4d2a9b36: posts the ante 350
a68c54b2: posts the ante 350
f9aab69e: posts the ante 350
bf9765f3: posts the ante 350
ece4683e: posts the ante 350
bf70ddde: posts the ante 350
Hero: posts the ante 350
e80fa842: posts the ante 350
f9aab69e: posts small blind 1,250
a68c54b2: posts big blind 2,500
*** HOLE CARDS ***
Dealt to 4d2a9b36 
Dealt to bf9765f3 
Dealt to f9aab69e 
Dealt to a68c54b2 
Dealt to ece4683e 
Dealt to bf70ddde 
Dealt to e80fa842 
Dealt to Hero [Jc Kh]
ece4683e: folds
bf70ddde: folds
e80fa842: folds
Hero: raises 2,500 to 5,000
4d2a9b36: folds
bf9765f3: folds
f9aab69e: raises 13,975 to 18,975
a68c54b2: folds
Hero: folds
Uncalled bet (13,975) returned to f9aab69e
*** SHOWDOWN ***
f9aab69e collected 15,300 from pot
*** SUMMARY ***
Total pot 15,300 | Rake 0 | Jackpot 0 | Bingo 0 | Fortune 0 | Tax 0
Seat 1: 4d2a9b36 folded before Flop
Seat 2: bf9765f3 (button) folded before Flop
Seat 3: f9aab69e (small blind) collected (15,300)
Seat 4: a68c54b2 (big blind) folded before Flop
Seat 5: ece4683e folded before Flop
Seat 6: bf70ddde folded before Flop
Seat 7: e80fa842 folded before Flop
Seat 8: Hero folded before Flop


Poker Hand #TM3556831762: Tournament #156786464, Bounty Hunters Mini Big Game $2.50 Hold'em No Limit - Level7(1,250/2,500) - 2024/08/06 20:41:12
Table '251' 8-max Seat #1 is the button
Seat 1: 4d2a9b36 (36,458 in chips)
Seat 2: bf9765f3 (267,941 in chips)
Seat 3: f9aab69e (215,100 in chips)
Seat 4: a68c54b2 (207,544 in chips)
Seat 5: ece4683e (152,889 in chips)
Seat 6: bf70ddde (188,022 in chips)
Seat 7: e80fa842 (177,792 in chips)
Seat 8: Hero (154,254 in chips)
4d2a9b36: posts the ante 350
a68c54b2: posts the ante 350
f9aab69e: posts the ante 350
bf9765f3: posts the ante 350
ece4683e: posts the ante 350
bf70ddde: posts the ante 350
Hero: posts the ante 350
e80fa842: posts the ante 350
bf9765f3: posts small blind 1,250
f9aab69e: posts big blind 2,500
*** HOLE CARDS ***
Dealt to 4d2a9b36 
Dealt to bf9765f3 
Dealt to f9aab69e 
Dealt to a68c54b2 
Dealt to ece4683e 
Dealt to bf70ddde 
Dealt to e80fa842 
Dealt to Hero [Tc 2d]
a68c54b2: folds
ece4683e: folds
bf70ddde: folds
e80fa842: folds
Hero: folds
4d2a9b36: folds
bf9765f3: folds
Uncalled bet (1,250) returned to f9aab69e
*** SHOWDOWN ***
f9aab69e collected 5,300 from pot
*** SUMMARY ***
Total pot 5,300 | Rake 0 | Jackpot 0 | Bingo 0 | Fortune 0 | Tax 0
Seat 1: 4d2a9b36 (button) folded before Flop
Seat 2: bf9765f3 (small blind) folded before Flop
Seat 3: f9aab69e (big blind) collected (5,300)
Seat 4: a68c54b2 folded before Flop
Seat 5: ece4683e folded before Flop
Seat 6: bf70ddde folded before Flop
Seat 7: e80fa842 folded before Flop
Seat 8: Hero folded before Flop


Poker Hand #TM3556831716: Tournament #156786464, Bounty Hunters Mini Big Game $2.50 Hold'em No Limit - Level7(1,250/2,500) - 2024/08/06 20:40:21
Table '251' 8-max Seat #8 is the button
Seat 1: 4d2a9b36 (38,058 in chips)
Seat 2: bf9765f3 (270,791 in chips)
Seat 3: f9aab69e (215,450 in chips)
Seat 4: a68c54b2 (207,894 in chips)
Seat 5: ece4683e (134,152 in chips)
Seat 6: bf70ddde (200,909 in chips)
Seat 7: e80fa842 (178,142 in chips)
Seat 8: Hero (154,604 in chips)
a68c54b2: posts the ante 350
f9aab69e: posts the ante 350
4d2a9b36: posts the ante 350
bf9765f3: posts the ante 350
ece4683e: posts the ante 350
bf70ddde: posts the ante 350
Hero: posts the ante 350
e80fa842: posts the ante 350
4d2a9b36: posts small blind 1,250
bf9765f3: posts big blind 2,500
*** HOLE CARDS ***
Dealt to 4d2a9b36 
Dealt to bf9765f3 
Dealt to f9aab69e 
Dealt to a68c54b2 
Dealt to ece4683e 
Dealt to bf70ddde 
Dealt to e80fa842 
Dealt to Hero [6c 7h]
f9aab69e: folds
a68c54b2: folds
ece4683e: raises 3,750 to 6,250
bf70ddde: calls 6,250
e80fa842: folds
Hero: folds
4d2a9b36: folds
bf9765f3: folds
*** FLOP *** [As Ad 5h]
ece4683e: bets 6,287
bf70ddde: calls 6,287
*** TURN *** [As Ad 5h] [8d]
ece4683e: checks
bf70ddde: checks
*** RIVER *** [As Ad 5h 8d] [4h]
ece4683e: checks
bf70ddde: checks
ece4683e: shows [Kc Kd] (Pair of Aces and Pair of Kings)
bf70ddde: shows [7d 7c] (Pair of Aces and Pair of Sevens)
Hero: shows [6c 7h] (Eights-High Straight)
*** SHOWDOWN ***
ece4683e collected 31,624 from pot
*** SUMMARY ***
Total pot 31,624 | Rake 0 | Jackpot 0 | Bingo 0 | Fortune 0 | Tax 0
Board [As Ad 5h 8d 4h]
Seat 1: 4d2a9b36 (small blind) folded before Flop
Seat 2: bf9765f3 (big blind) folded before Flop
Seat 3: f9aab69e folded before Flop
Seat 4: a68c54b2 folded before Flop
Seat 5: ece4683e showed [Kc Kd] and won (31,624) with Pair of Aces and Pair of Kings
Seat 6: bf70ddde showed [7d 7c] and lost with Pair of Aces and Pair of Sevens
Seat 7: e80fa842 folded before Flop
Seat 8: Hero (button) folded before Flop


Poker Hand #TM3556831674: Tournament #156786464, Bounty Hunters Mini Big Game $2.50 Hold'em No Limit - Level7(1,250/2,500) - 2024/08/06 20:39:46
Table '251' 8-max Seat #7 is the button
Seat 1: 4d2a9b36 (43,408 in chips)
Seat 2: bf9765f3 (271,141 in chips)
Seat 3: f9aab69e (215,800 in chips)
Seat 4: a68c54b2 (208,244 in chips)
Seat 5: ece4683e (134,502 in chips)
Seat 6: bf70ddde (201,259 in chips)
Seat 7: e80fa842 (178,492 in chips)
Seat 8: Hero (147,154 in chips)
a68c54b2: posts the ante 350
f9aab69e: posts the ante 350
4d2a9b36: posts the ante 350
bf9765f3: posts the ante 350
ece4683e: posts the ante 350
bf70ddde: posts the ante 350
Hero: posts the ante 350
e80fa842: posts the ante 350
Hero: posts small blind 1,250
4d2a9b36: posts big blind 2,500
*** HOLE CARDS ***
Dealt to 4d2a9b36 
Dealt to bf9765f3 
Dealt to f9aab69e 
Dealt to a68c54b2 
Dealt to ece4683e 
Dealt to bf70ddde 
Dealt to e80fa842 
Dealt to Hero [Qc 6c]
bf9765f3: folds
f9aab69e: folds
a68c54b2: folds
ece4683e: folds
bf70ddde: folds
e80fa842: folds
Hero: raises 2,500 to 5,000
4d2a9b36: calls 2,500
*** FLOP *** [8d Kh 2c]
Hero: bets 6,400
4d2a9b36: folds
Uncalled bet (6,400) returned to Hero
*** SHOWDOWN ***
Hero collected 12,800 from pot
*** SUMMARY ***
Total pot 12,800 | Rake 0 | Jackpot 0 | Bingo 0 | Fortune 0 | Tax 0
Board [8d Kh 2c]
Seat 1: 4d2a9b36 (big blind) folded on the Flop
Seat 2: bf9765f3 folded before Flop
Seat 3: f9aab69e folded before Flop
Seat 4: a68c54b2 folded before Flop
Seat 5: ece4683e folded before Flop
Seat 6: bf70ddde folded before Flop
Seat 7: e80fa842 (button) folded before Flop
Seat 8: Hero (small blind) won (12,800)


Poker Hand #TM3556831646: Tournament #156786464, Bounty Hunters Mini Big Game $2.50 Hold'em No Limit - Level7(1,250/2,500) - 2024/08/06 20:39:20
Table '251' 8-max Seat #6 is the button
Seat 1: 4d2a9b36 (43,758 in chips)
Seat 2: bf9765f3 (271,491 in chips)
Seat 3: f9aab69e (209,600 in chips)
Seat 4: a68c54b2 (208,594 in chips)
Seat 5: ece4683e (134,852 in chips)
Seat 6: bf70ddde (201,609 in chips)
Seat 7: e80fa842 (180,092 in chips)
Seat 8: Hero (150,004 in chips)
a68c54b2: posts the ante 350
f9aab69e: posts the ante 350
4d2a9b36: posts the ante 350
bf9765f3: posts the ante 350
ece4683e: posts the ante 350
bf70ddde: posts the ante 350
Hero: posts the ante 350
e80fa842: posts the ante 350
e80fa842: posts small blind 1,250
Hero: posts big blind 2,500
*** HOLE CARDS ***
Dealt to 4d2a9b36 
Dealt to bf9765f3 
Dealt to f9aab69e 
Dealt to a68c54b2 
Dealt to ece4683e 
Dealt to bf70ddde 
Dealt to e80fa842 
Dealt to Hero [Kh 3c]
4d2a9b36: folds
bf9765f3: folds
f9aab69e: raises 3,750 to 6,250
a68c54b2: folds
ece4683e: folds
bf70ddde: folds
e80fa842: folds
Hero: folds
Uncalled bet (3,750) returned to f9aab69e
*** SHOWDOWN ***
f9aab69e collected 9,050 from pot
*** SUMMARY ***
Total pot 9,050 | Rake 0 | Jackpot 0 | Bingo 0 | Fortune 0 | Tax 0
Seat 1: 4d2a9b36 folded before Flop
Seat 2: bf9765f3 folded before Flop
Seat 3: f9aab69e collected (9,050)
Seat 4: a68c54b2 folded before Flop
Seat 5: ece4683e folded before Flop
Seat 6: bf70ddde (button) folded before Flop
Seat 7: e80fa842 (small blind) folded before Flop
Seat 8: Hero (big blind) folded before Flop


Poker Hand #TM3556831563: Tournament #156786464, Bounty Hunters Mini Big Game $2.50 Hold'em No Limit - Level7(1,250/2,500) - 2024/08/06 20:37:59
Table '251' 8-max Seat #5 is the button
Seat 1: 4d2a9b36 (143,758 in chips)
Seat 2: bf9765f3 (271,841 in chips)
Seat 3: f9aab69e (100,000 in chips)
Seat 4: a68c54b2 (208,944 in chips)
Seat 5: ece4683e (135,202 in chips)
Seat 6: bf70ddde (206,959 in chips)
Seat 7: e80fa842 (182,942 in chips)
Seat 8: Hero (150,354 in chips)
a68c54b2: posts the ante 350
f9aab69e: posts the ante 350
4d2a9b36: posts the ante 350
bf9765f3: posts the ante 350
ece4683e: posts the ante 350
bf70ddde: posts the ante 350
Hero: posts the ante 350
e80fa842: posts the ante 350
bf70ddde: posts small blind 1,250
e80fa842: posts big blind 2,500
*** HOLE CARDS ***
Dealt to 4d2a9b36 
Dealt to bf9765f3 
Dealt to f9aab69e 
Dealt to a68c54b2 
Dealt to ece4683e 
Dealt to bf70ddde 
Dealt to e80fa842 
Dealt to Hero [2c As]
Hero: folds
4d2a9b36: raises 2,500 to 5,000
bf9765f3: folds
f9aab69e: calls 5,000
a68c54b2: folds
ece4683e: folds
bf70ddde: calls 3,750
e80fa842: folds
*** FLOP *** [9d 5c 9c]
bf70ddde: checks
4d2a9b36: bets 12,500
f9aab69e: calls 12,500
bf70ddde: folds
*** TURN *** [9d 5c 9c] [6s]
4d2a9b36: bets 22,500
f9aab69e: calls 22,500
*** RIVER *** [9d 5c 9c 6s] [7d]
4d2a9b36: bets 103,408 and is all-in
f9aab69e: calls 59,650 and is all-in
Uncalled bet (43,758) returned to 4d2a9b36
4d2a9b36: shows [4s 4d] (Pair of Nines and Pair of Fours)
f9aab69e: shows [Ah 5h] (Pair of Nines and Pair of Fives)
*** SHOWDOWN ***
f9aab69e collected 209,600 from pot
*** SUMMARY ***
Total pot 209,600 | Rake 0 | Jackpot 0 | Bingo 0 | Fortune 0 | Tax 0
Board [9d 5c 9c 6s 7d]
Seat 1: 4d2a9b36 showed [4s 4d] and lost with Pair of Nines and Pair of Fours
Seat 2: bf9765f3 folded before Flop
Seat 3: f9aab69e showed [Ah 5h] and won (209,600) with Pair of Nines and Pair of Fives
Seat 4: a68c54b2 folded before Flop
Seat 5: ece4683e (button) folded before Flop
Seat 6: bf70ddde (small blind) folded on the Flop
Seat 7: e80fa842 (big blind) folded before Flop
Seat 8: Hero folded before Flop


Poker Hand #TM3556831497: Tournament #156786464, Bounty Hunters Mini Big Game $2.50 Hold'em No Limit - Level6(1,000/2,000) - 2024/08/06 20:37:00
Table '251' 8-max Seat #4 is the button
Seat 1: 4d2a9b36 (144,058 in chips)
Seat 2: bf9765f3 (261,241 in chips)
Seat 4: a68c54b2 (209,244 in chips)
Seat 5: ece4683e (139,902 in chips)
Seat 6: bf70ddde (211,659 in chips)
Seat 7: e80fa842 (183,242 in chips)
Seat 8: Hero (150,654 in chips)
a68c54b2: posts the ante 300
4d2a9b36: posts the ante 300
bf9765f3: posts the ante 300
ece4683e: posts the ante 300
bf70ddde: posts the ante 300
Hero: posts the ante 300
e80fa842: posts the ante 300
ece4683e: posts small blind 1,000
bf70ddde: posts big blind 2,000
*** HOLE CARDS ***
Dealt to 4d2a9b36 
Dealt to bf9765f3 
Dealt to a68c54b2 
Dealt to ece4683e 
Dealt to bf70ddde 
Dealt to e80fa842 
Dealt to Hero [Qh 2h]
e80fa842: folds
Hero: folds
4d2a9b36: folds
bf9765f3: raises 2,400 to 4,400
a68c54b2: folds
ece4683e: calls 3,400
bf70ddde: calls 2,400
*** FLOP *** [Kd 6s Th]
ece4683e: checks
bf70ddde: checks
bf9765f3: bets 7,650
ece4683e: folds
bf70ddde: folds
Uncalled bet (7,650) returned to bf9765f3
*** SHOWDOWN ***
bf9765f3 collected 15,300 from pot
*** SUMMARY ***
Total pot 15,300 | Rake 0 | Jackpot 0 | Bingo 0 | Fortune 0 | Tax 0
Board [Kd 6s Th]
Seat 1: 4d2a9b36 folded before Flop
Seat 2: bf9765f3 won (15,300)
Seat 4: a68c54b2 (button) folded before Flop
Seat 5: ece4683e (small blind) folded on the Flop
Seat 6: bf70ddde (big blind) folded on the Flop
Seat 7: e80fa842 folded before Flop
Seat 8: Hero folded before Flop


Poker Hand #TM3556831436: Tournament #156786464, Bounty Hunters Mini Big Game $2.50 Hold'em No Limit - Level6(1,000/2,000) - 2024/08/06 20:36:03
Table '251' 8-max Seat #3 is the button
Seat 1: 4d2a9b36 (144,358 in chips)
Seat 2: bf9765f3 (261,541 in chips)
Seat 3: 6d5dc7de (55,450 in chips)
Seat 4: a68c54b2 (210,544 in chips)
Seat 5: ece4683e (142,202 in chips)
Seat 6: bf70ddde (145,409 in chips)
Seat 7: e80fa842 (183,542 in chips)
Seat 8: Hero (156,954 in chips)
4d2a9b36: posts the ante 300
a68c54b2: posts the ante 300
bf9765f3: posts the ante 300
6d5dc7de: posts the ante 300
ece4683e: posts the ante 300
bf70ddde: posts the ante 300
Hero: posts the ante 300
e80fa842: posts the ante 300
a68c54b2: posts small blind 1,000
ece4683e: posts big blind 2,000
*** HOLE CARDS ***
Dealt to 4d2a9b36 
Dealt to bf9765f3 
Dealt to 6d5dc7de 
Dealt to a68c54b2 
Dealt to ece4683e 
Dealt to bf70ddde 
Dealt to e80fa842 
Dealt to Hero [7h 7c]
bf70ddde: raises 4,000 to 6,000
e80fa842: folds
Hero: calls 6,000
4d2a9b36: folds
bf9765f3: folds
6d5dc7de: raises 49,150 to 55,150 and is all-in
a68c54b2: folds
ece4683e: folds
bf70ddde: raises 89,959 to 145,109 and is all-in
Hero: folds
Uncalled bet (89,959) returned to bf70ddde
bf70ddde: shows [As Ad]
6d5dc7de: shows [Kc Ac]
*** FLOP *** [Td 4h 3s]
*** TURN *** [Td 4h 3s] [5s]
*** RIVER *** [Td 4h 3s 5s] [8c]
ece4683e: shows [2s] (Ten-High)
*** SHOWDOWN ***
bf70ddde collected 121,700 from pot
*** SUMMARY ***
Total pot 121,700 | Rake 0 | Jackpot 0 | Bingo 0 | Fortune 0 | Tax 0
Board [Td 4h 3s 5s 8c]
Seat 1: 4d2a9b36 folded before Flop
Seat 2: bf9765f3 folded before Flop
Seat 3: 6d5dc7de (button) showed [Kc Ac] and lost with Ace-High
Seat 4: a68c54b2 (small blind) folded before Flop
Seat 5: ece4683e (big blind) folded before Flop
Seat 6: bf70ddde showed [As Ad] and won (121,700) with Pair of Aces
Seat 7: e80fa842 folded before Flop
Seat 8: Hero folded before Flop


Poker Hand #TM3556831411: Tournament #156786464, Bounty Hunters Mini Big Game $2.50 Hold'em No Limit - Level6(1,000/2,000) - 2024/08/06 20:35:34
Table '251' 8-max Seat #2 is the button
Seat 1: 4d2a9b36 (144,658 in chips)
Seat 2: bf9765f3 (252,441 in chips)
Seat 3: 6d5dc7de (56,750 in chips)
Seat 4: a68c54b2 (212,844 in chips)
Seat 5: ece4683e (142,502 in chips)
Seat 6: bf70ddde (145,709 in chips)
Seat 7: e80fa842 (183,842 in chips)
Seat 8: Hero (161,254 in chips)
4d2a9b36: posts the ante 300
a68c54b2: posts the ante 300
bf9765f3: posts the ante 300
6d5dc7de: posts the ante 300
ece4683e: posts the ante 300
bf70ddde: posts the ante 300
Hero: posts the ante 300
e80fa842: posts the ante 300
6d5dc7de: posts small blind 1,000
a68c54b2: posts big blind 2,000
*** HOLE CARDS ***
Dealt to 4d2a9b36 
Dealt to bf9765f3 
Dealt to 6d5dc7de 
Dealt to a68c54b2 
Dealt to ece4683e 
Dealt to bf70ddde 
Dealt to e80fa842 
Dealt to Hero [Kc 9c]
ece4683e: folds
bf70ddde: folds
e80fa842: folds
Hero: raises 2,000 to 4,000
4d2a9b36: folds
bf9765f3: raises 12,000 to 16,000
6d5dc7de: folds
a68c54b2: folds
Hero: folds
Uncalled bet (12,000) returned to bf9765f3
*** SHOWDOWN ***
bf9765f3 collected 13,400 from pot
*** SUMMARY ***
Total pot 13,400 | Rake 0 | Jackpot 0 | Bingo 0 | Fortune 0 | Tax 0
Seat 1: 4d2a9b36 folded before Flop
Seat 2: bf9765f3 (button) collected (13,400)
Seat 3: 6d5dc7de (small blind) folded before Flop
Seat 4: a68c54b2 (big blind) folded before Flop
Seat 5: ece4683e folded before Flop
Seat 6: bf70ddde folded before Flop
Seat 7: e80fa842 folded before Flop
Seat 8: Hero folded before Flop


Poker Hand #TM3556831312: Tournament #156786464, Bounty Hunters Mini Big Game $2.50 Hold'em No Limit - Level6(1,000/2,000) - 2024/08/06 20:34:05
Table '251' 8-max Seat #1 is the button
Seat 1: 4d2a9b36 (148,958 in chips)
Seat 2: bf9765f3 (253,741 in chips)
Seat 3: 6d5dc7de (49,650 in chips)
Seat 4: a68c54b2 (213,144 in chips)
Seat 5: ece4683e (142,802 in chips)
Seat 6: bf70ddde (146,009 in chips)
Seat 7: e80fa842 (184,142 in chips)
Seat 8: Hero (161,554 in chips)
4d2a9b36: posts the ante 300
a68c54b2: posts the ante 300
bf9765f3: posts the ante 300
6d5dc7de: posts the ante 300
ece4683e: posts the ante 300
bf70ddde: posts the ante 300
Hero: posts the ante 300
e80fa842: posts the ante 300
bf9765f3: posts small blind 1,000
6d5dc7de: posts big blind 2,000
*** HOLE CARDS ***
Dealt to 4d2a9b36 
Dealt to bf9765f3 
Dealt to 6d5dc7de 
Dealt to a68c54b2 
Dealt to ece4683e 
Dealt to bf70ddde 
Dealt to e80fa842 
Dealt to Hero [8h As]
a68c54b2: folds
ece4683e: folds
bf70ddde: folds
e80fa842: folds
Hero: folds
4d2a9b36: raises 2,000 to 4,000
bf9765f3: folds
6d5dc7de: calls 2,000
*** FLOP *** [5d 3d Kh]
6d5dc7de: checks
4d2a9b36: checks
*** TURN *** [5d 3d Kh] [Th]
6d5dc7de: checks
4d2a9b36: checks
*** RIVER *** [5d 3d Kh Th] [Jh]
6d5dc7de: checks
4d2a9b36: checks
6d5dc7de: shows [3s Qd] (Pair of Treys)
4d2a9b36: shows [6c Ah] (Ace-High)
*** SHOWDOWN ***
6d5dc7de collected 11,400 from pot
*** SUMMARY ***
Total pot 11,400 | Rake 0 | Jackpot 0 | Bingo 0 | Fortune 0 | Tax 0
Board [5d 3d Kh Th Jh]
Seat 1: 4d2a9b36 (button) showed [6c Ah] and lost with Ace-High
Seat 2: bf9765f3 (small blind) folded before Flop
Seat 3: 6d5dc7de (big blind) showed [3s Qd] and won (11,400) with Pair of Treys
Seat 4: a68c54b2 folded before Flop
Seat 5: ece4683e folded before Flop
Seat 6: bf70ddde folded before Flop
Seat 7: e80fa842 folded before Flop
Seat 8: Hero folded before Flop


Poker Hand #TM3556831249: Tournament #156786464, Bounty Hunters Mini Big Game $2.50 Hold'em No Limit - Level6(1,000/2,000) - 2024/08/06 20:32:57
Table '251' 8-max Seat #8 is the button
Seat 1: 4d2a9b36 (150,258 in chips)
Seat 2: bf9765f3 (256,041 in chips)
Seat 3: 6d5dc7de (62,650 in chips)
Seat 4: a68c54b2 (213,444 in chips)
Seat 5: ece4683e (143,102 in chips)
Seat 6: bf70ddde (159,009 in chips)
Seat 7: e80fa842 (184,442 in chips)
Seat 8: Hero (131,054 in chips)
a68c54b2: posts the ante 300
4d2a9b36: posts the ante 300
bf9765f3: posts the ante 300
6d5dc7de: posts the ante 300
ece4683e: posts the ante 300
bf70ddde: posts the ante 300
Hero: posts the ante 300
e80fa842: posts the ante 300
4d2a9b36: posts small blind 1,000
bf9765f3: posts big blind 2,000
*** HOLE CARDS ***
Dealt to 4d2a9b36 
Dealt to bf9765f3 
Dealt to 6d5dc7de 
Dealt to a68c54b2 
Dealt to ece4683e 
Dealt to bf70ddde 
Dealt to e80fa842 
Dealt to Hero [As Ad]
6d5dc7de: raises 2,000 to 4,000
a68c54b2: folds
ece4683e: folds
bf70ddde: calls 4,000
e80fa842: folds
Hero: raises 8,700 to 12,700
4d2a9b36: folds
bf9765f3: folds
6d5dc7de: calls 8,700
bf70ddde: calls 8,700
*** FLOP *** [Tc Kh Jh]
6d5dc7de: checks
bf70ddde: checks
Hero: bets 43,500
6d5dc7de: folds
bf70ddde: folds
Uncalled bet (43,500) returned to Hero
*** SHOWDOWN ***
Hero collected 43,500 from pot
*** SUMMARY ***
Total pot 43,500 | Rake 0 | Jackpot 0 | Bingo 0 | Fortune 0 | Tax 0
Board [Tc Kh Jh]
Seat 1: 4d2a9b36 (small blind) folded before Flop
Seat 2: bf9765f3 (big blind) folded before Flop
Seat 3: 6d5dc7de folded on the Flop
Seat 4: a68c54b2 folded before Flop
Seat 5: ece4683e folded before Flop
Seat 6: bf70ddde folded on the Flop
Seat 7: e80fa842 folded before Flop
Seat 8: Hero (button) won (43,500)


Poker Hand #TM3556831207: Tournament #156786464, Bounty Hunters Mini Big Game $2.50 Hold'em No Limit - Level6(1,000/2,000) - 2024/08/06 20:32:25
Table '251' 8-max Seat #7 is the button
Seat 1: 4d2a9b36 (152,558 in chips)
Seat 2: bf9765f3 (250,941 in chips)
Seat 3: 6d5dc7de (62,950 in chips)
Seat 4: a68c54b2 (213,744 in chips)
Seat 5: ece4683e (143,402 in chips)
Seat 6: bf70ddde (159,309 in chips)
Seat 7: e80fa842 (184,742 in chips)
Seat 8: Hero (132,354 in chips)
a68c54b2: posts the ante 300
4d2a9b36: posts the ante 300
bf9765f3: posts the ante 300
6d5dc7de: posts the ante 300
ece4683e: posts the ante 300
bf70ddde: posts the ante 300
Hero: posts the ante 300
e80fa842: posts the ante 300
Hero: posts small blind 1,000
4d2a9b36: posts big blind 2,000
*** HOLE CARDS ***
Dealt to 4d2a9b36 
Dealt to bf9765f3 
Dealt to 6d5dc7de 
Dealt to a68c54b2 
Dealt to ece4683e 
Dealt to bf70ddde 
Dealt to e80fa842 
Dealt to Hero [6h 2c]
bf9765f3: raises 7,400 to 9,400
6d5dc7de: folds
a68c54b2: folds
ece4683e: folds
bf70ddde: folds
e80fa842: folds
Hero: folds
4d2a9b36: folds
Uncalled bet (7,400) returned to bf9765f3
*** SHOWDOWN ***
bf9765f3 collected 7,400 from pot
*** SUMMARY ***
Total pot 7,400 | Rake 0 | Jackpot 0 | Bingo 0 | Fortune 0 | Tax 0
Seat 1: 4d2a9b36 (big blind) folded before Flop
Seat 2: bf9765f3 collected (7,400)
Seat 3: 6d5dc7de folded before Flop
Seat 4: a68c54b2 folded before Flop
Seat 5: ece4683e folded before Flop
Seat 6: bf70ddde folded before Flop
Seat 7: e80fa842 (button) folded before Flop
Seat 8: Hero (small blind) folded before Flop


Poker Hand #TM3556831163: Tournament #156786464, Bounty Hunters Mini Big Game $2.50 Hold'em No Limit - Level6(1,000/2,000) - 2024/08/06 20:31:37
Table '251' 8-max Seat #6 is the button
Seat 1: 4d2a9b36 (152,858 in chips)
Seat 2: bf9765f3 (251,241 in chips)
Seat 3: 6d5dc7de (63,250 in chips)
Seat 4: a68c54b2 (221,806 in chips)
Seat 5: ece4683e (143,702 in chips)
Seat 6: bf70ddde (159,609 in chips)
Seat 7: e80fa842 (186,042 in chips)
Seat 8: Hero (121,492 in chips)
a68c54b2: posts the ante 300
4d2a9b36: posts the ante 300
bf9765f3: posts the ante 300
6d5dc7de: posts the ante 300
ece4683e: posts the ante 300
bf70ddde: posts the ante 300
Hero: posts the ante 300
e80fa842: posts the ante 300
e80fa842: posts small blind 1,000
Hero: posts big blind 2,000
*** HOLE CARDS ***
Dealt to 4d2a9b36 
Dealt to bf9765f3 
Dealt to 6d5dc7de 
Dealt to a68c54b2 
Dealt to ece4683e 
Dealt to bf70ddde 
Dealt to e80fa842 
Dealt to Hero [Jc Qc]
4d2a9b36: folds
bf9765f3: folds
6d5dc7de: folds
a68c54b2: raises 2,000 to 4,000
ece4683e: folds
bf70ddde: folds
e80fa842: folds
Hero: calls 2,000
*** FLOP *** [6c 5h Td]
Hero: bets 3,762
a68c54b2: calls 3,762
*** TURN *** [6c 5h Td] [2d]
Hero: checks
a68c54b2: checks
*** RIVER *** [6c 5h Td 2d] [8c]
Hero: checks
a68c54b2: checks
Hero: shows [Jc Qc] (Queen-High)
a68c54b2: shows [Jd 9d] (Jack-High)
*** SHOWDOWN ***
Hero collected 18,924 from pot
*** SUMMARY ***
Total pot 18,924 | Rake 0 | Jackpot 0 | Bingo 0 | Fortune 0 | Tax 0
Board [6c 5h Td 2d 8c]
Seat 1: 4d2a9b36 folded before Flop
Seat 2: bf9765f3 folded before Flop
Seat 3: 6d5dc7de folded before Flop
Seat 4: a68c54b2 showed [Jd 9d] and lost with Jack-High
Seat 5: ece4683e folded before Flop
Seat 6: bf70ddde (button) folded before Flop
Seat 7: e80fa842 (small blind) folded before Flop
Seat 8: Hero (big blind) showed [Jc Qc] and won (18,924) with Queen-High


Poker Hand #TM3556831103: Tournament #156786464, Bounty Hunters Mini Big Game $2.50 Hold'em No Limit - Level6(1,000/2,000) - 2024/08/06 20:30:45
Table '251' 8-max Seat #5 is the button
Seat 1: 4d2a9b36 (125,758 in chips)
Seat 2: bf9765f3 (251,541 in chips)
Seat 3: 6d5dc7de (85,550 in chips)
Seat 4: a68c54b2 (222,106 in chips)
Seat 5: ece4683e (144,002 in chips)
Seat 6: bf70ddde (160,909 in chips)
Seat 7: e80fa842 (188,342 in chips)
Seat 8: Hero (121,792 in chips)
a68c54b2: posts the ante 300
4d2a9b36: posts the ante 300
bf9765f3: posts the ante 300
6d5dc7de: posts the ante 300
ece4683e: posts the ante 300
bf70ddde: posts the ante 300
Hero: posts the ante 300
e80fa842: posts the ante 300
bf70ddde: posts small blind 1,000
e80fa842: posts big blind 2,000
*** HOLE CARDS ***
Dealt to 4d2a9b36 
Dealt to bf9765f3 
Dealt to 6d5dc7de 
Dealt to a68c54b2 
Dealt to ece4683e 
Dealt to bf70ddde 
Dealt to e80fa842 
Dealt to Hero [Ad 2s]
Hero: folds
4d2a9b36: raises 2,000 to 4,000
bf9765f3: folds
6d5dc7de: calls 4,000
a68c54b2: folds
ece4683e: folds
bf70ddde: folds
e80fa842: folds
*** FLOP *** [9h Ks Jd]
4d2a9b36: bets 6,000
6d5dc7de: calls 6,000
*** TURN *** [9h Ks Jd] [2d]
4d2a9b36: bets 12,000
6d5dc7de: calls 12,000
*** RIVER *** [9h Ks Jd 2d] [Ts]
4d2a9b36: bets 40,000
6d5dc7de: folds
Uncalled bet (40,000) returned to 4d2a9b36
*** SHOWDOWN ***
4d2a9b36 collected 49,400 from pot
*** SUMMARY ***
Total pot 49,400 | Rake 0 | Jackpot 0 | Bingo 0 | Fortune 0 | Tax 0
Board [9h Ks Jd 2d Ts]
Seat 1: 4d2a9b36 won (49,400)
Seat 2: bf9765f3 folded before Flop
Seat 3: 6d5dc7de folded on the River
Seat 4: a68c54b2 folded before Flop
Seat 5: ece4683e (button) folded before Flop
Seat 6: bf70ddde (small blind) folded before Flop
Seat 7: e80fa842 (big blind) folded before Flop
Seat 8: Hero folded before Flop


Poker Hand #TM3556831083: Tournament #156786464, Bounty Hunters Mini Big Game $2.50 Hold'em No Limit - Level6(1,000/2,000) - 2024/08/06 20:30:29
Table '251' 8-max Seat #4 is the button
Seat 1: 4d2a9b36 (126,058 in chips)
Seat 2: bf9765f3 (251,841 in chips)
Seat 3: 6d5dc7de (85,850 in chips)
Seat 4: a68c54b2 (222,406 in chips)
Seat 5: ece4683e (145,302 in chips)
Seat 6: bf70ddde (157,809 in chips)
Seat 7: e80fa842 (188,642 in chips)
Seat 8: Hero (122,092 in chips)
a68c54b2: posts the ante 300
4d2a9b36: posts the ante 300
bf9765f3: posts the ante 300
6d5dc7de: posts the ante 300
ece4683e: posts the ante 300
bf70ddde: posts the ante 300
Hero: posts the ante 300
e80fa842: posts the ante 300
ece4683e: posts small blind 1,000
bf70ddde: posts big blind 2,000
*** HOLE CARDS ***
Dealt to 4d2a9b36 
Dealt to bf9765f3 
Dealt to 6d5dc7de 
Dealt to a68c54b2 
Dealt to ece4683e 
Dealt to bf70ddde 
Dealt to e80fa842 
Dealt to Hero [Ac 7d]
e80fa842: folds
Hero: folds
4d2a9b36: folds
bf9765f3: folds
6d5dc7de: folds
a68c54b2: folds
ece4683e: folds
Uncalled bet (1,000) returned to bf70ddde
*** SHOWDOWN ***
bf70ddde collected 4,400 from pot
*** SUMMARY ***
Total pot 4,400 | Rake 0 | Jackpot 0 | Bingo 0 | Fortune 0 | Tax 0
Seat 1: 4d2a9b36 folded before Flop
Seat 2: bf9765f3 folded before Flop
Seat 3: 6d5dc7de folded before Flop
Seat 4: a68c54b2 (button) folded before Flop
Seat 5: ece4683e (small blind) folded before Flop
Seat 6: bf70ddde (big blind) collected (4,400)
Seat 7: e80fa842 folded before Flop
Seat 8: Hero folded before Flop


Poker Hand #TM3556830997: Tournament #156786464, Bounty Hunters Mini Big Game $2.50 Hold'em No Limit - Level6(1,000/2,000) - 2024/08/06 20:29:05
Table '251' 8-max Seat #3 is the button
Seat 1: 4d2a9b36 (126,358 in chips)
Seat 2: bf9765f3 (252,141 in chips)
Seat 3: 6d5dc7de (111,152 in chips)
Seat 4: a68c54b2 (223,706 in chips)
Seat 5: ece4683e (105,200 in chips)
Seat 6: bf70ddde (170,109 in chips)
Seat 7: e80fa842 (188,942 in chips)
Seat 8: Hero (122,392 in chips)
4d2a9b36: posts the ante 300
a68c54b2: posts the ante 300
bf9765f3: posts the ante 300
6d5dc7de: posts the ante 300
ece4683e: posts the ante 300
bf70ddde: posts the ante 300
Hero: posts the ante 300
e80fa842: posts the ante 300
a68c54b2: posts small blind 1,000
ece4683e: posts big blind 2,000
*** HOLE CARDS ***
Dealt to 4d2a9b36 
Dealt to bf9765f3 
Dealt to 6d5dc7de 
Dealt to a68c54b2 
Dealt to ece4683e 
Dealt to bf70ddde 
Dealt to e80fa842 
Dealt to Hero [8d Td]
bf70ddde: raises 4,000 to 6,000
e80fa842: folds
Hero: folds
4d2a9b36: folds
bf9765f3: folds
6d5dc7de: calls 6,000
a68c54b2: folds
ece4683e: calls 4,000
*** FLOP *** [9c Qc Qh]
ece4683e: checks
bf70ddde: bets 6,000
6d5dc7de: calls 6,000
ece4683e: calls 6,000
*** TURN *** [9c Qc Qh] [9s]
ece4683e: checks
bf70ddde: checks
6d5dc7de: checks
*** RIVER *** [9c Qc Qh 9s] [6h]
ece4683e: bets 13,002
bf70ddde: folds
6d5dc7de: calls 13,002
ece4683e: shows [Qs 8c] (Queens Full over Nines)
6d5dc7de: shows [As Tc] (Pair of Queens and Pair of Nines)
*** SHOWDOWN ***
ece4683e collected 65,404 from pot
*** SUMMARY ***
Total pot 65,404 | Rake 0 | Jackpot 0 | Bingo 0 | Fortune 0 | Tax 0
Board [9c Qc Qh 9s 6h]
Seat 1: 4d2a9b36 folded before Flop
Seat 2: bf9765f3 folded before Flop
Seat 3: 6d5dc7de (button) showed [As Tc] and lost with Pair of Queens and Pair of Nines
Seat 4: a68c54b2 (small blind) folded before Flop
Seat 5: ece4683e (big blind) showed [Qs 8c] and won (65,404) with Queens Full over Nines
Seat 6: bf70ddde folded on the River
Seat 7: e80fa842 folded before Flop
Seat 8: Hero folded before Flop


Poker Hand #TM3556830944: Tournament #156786464, Bounty Hunters Mini Big Game $2.50 Hold'em No Limit - Level6(1,000/2,000) - 2024/08/06 20:28:12
Table '251' 8-max Seat #2 is the button
Seat 1: 4d2a9b36 (185,154 in chips)
Seat 2: bf9765f3 (252,441 in chips)
Seat 3: 6d5dc7de (112,452 in chips)
Seat 4: a68c54b2 (226,006 in chips)
Seat 5: ece4683e (105,500 in chips)
Seat 6: bf70ddde (170,409 in chips)
Seat 7: e80fa842 (189,242 in chips)
Seat 8: Hero (58,796 in chips)
4d2a9b36: posts the ante 300
a68c54b2: posts the ante 300
bf9765f3: posts the ante 300
6d5dc7de: posts the ante 300
ece4683e: posts the ante 300
bf70ddde: posts the ante 300
Hero: posts the ante 300
e80fa842: posts the ante 300
6d5dc7de: posts small blind 1,000
a68c54b2: posts big blind 2,000
*** HOLE CARDS ***
Dealt to 4d2a9b36 
Dealt to bf9765f3 
Dealt to 6d5dc7de 
Dealt to a68c54b2 
Dealt to ece4683e 
Dealt to bf70ddde 
Dealt to e80fa842 
Dealt to Hero [Js Ks]
ece4683e: folds
bf70ddde: folds
e80fa842: folds
Hero: raises 3,000 to 5,000
4d2a9b36: raises 9,000 to 14,000
bf9765f3: folds
6d5dc7de: folds
a68c54b2: folds
Hero: calls 9,000
*** FLOP *** [Kc 2d 9s]
Hero: checks
4d2a9b36: bets 24,000
Hero: raises 20,496 to 44,496 and is all-in
4d2a9b36: calls 20,496
Hero: shows [Js Ks] (Pair of Kings)
4d2a9b36: shows [Ts Th] (Pair of Tens)
*** TURN *** [Kc 2d 9s] [3d]
*** RIVER *** [Kc 2d 9s 3d] [Qh]
ece4683e: shows [Kh] (Pair of Kings)
*** SHOWDOWN ***
Hero collected 122,392 from pot
*** SUMMARY ***
Total pot 122,392 | Rake 0 | Jackpot 0 | Bingo 0 | Fortune 0 | Tax 0
Board [Kc 2d 9s 3d Qh]
Seat 1: 4d2a9b36 showed [Ts Th] and lost with Pair of Tens
Seat 2: bf9765f3 (button) folded before Flop
Seat 3: 6d5dc7de (small blind) folded before Flop
Seat 4: a68c54b2 (big blind) folded before Flop
Seat 5: ece4683e folded before Flop
Seat 6: bf70ddde folded before Flop
Seat 7: e80fa842 folded before Flop
Seat 8: Hero showed [Js Ks] and won (122,392) with Pair of Kings


Poker Hand #TM3556830894: Tournament #156786464, Bounty Hunters Mini Big Game $2.50 Hold'em No Limit - Level5(800/1,600) - 2024/08/06 20:27:31
Table '251' 8-max Seat #1 is the button
Seat 1: 4d2a9b36 (185,404 in chips)
Seat 2: bf9765f3 (253,491 in chips)
Seat 3: 6d5dc7de (115,902 in chips)
Seat 4: a68c54b2 (226,256 in chips)
Seat 5: ece4683e (99,750 in chips)
Seat 6: bf70ddde (170,659 in chips)
Seat 7: e80fa842 (189,492 in chips)
Seat 8: Hero (59,046 in chips)
4d2a9b36: posts the ante 250
a68c54b2: posts the ante 250
bf9765f3: posts the ante 250
6d5dc7de: posts the ante 250
ece4683e: posts the ante 250
bf70ddde: posts the ante 250
Hero: posts the ante 250
e80fa842: posts the ante 250
bf9765f3: posts small blind 800
6d5dc7de: posts big blind 1,600
*** HOLE CARDS ***
Dealt to 4d2a9b36 
Dealt to bf9765f3 
Dealt to 6d5dc7de 
Dealt to a68c54b2 
Dealt to ece4683e 
Dealt to bf70ddde 
Dealt to e80fa842 
Dealt to Hero [3c Ac]
a68c54b2: folds
ece4683e: raises 1,600 to 3,200
bf70ddde: folds
e80fa842: folds
Hero: folds
4d2a9b36: folds
bf9765f3: folds
6d5dc7de: calls 1,600
*** FLOP *** [Jh 8c 2h]
6d5dc7de: checks
ece4683e: bets 4,600
6d5dc7de: folds
Uncalled bet (4,600) returned to ece4683e
*** SHOWDOWN ***
ece4683e collected 9,200 from pot
*** SUMMARY ***
Total pot 9,200 | Rake 0 | Jackpot 0 | Bingo 0 | Fortune 0 | Tax 0
Board [Jh 8c 2h]
Seat 1: 4d2a9b36 (button) folded before Flop
Seat 2: bf9765f3 (small blind) folded before Flop
Seat 3: 6d5dc7de (big blind) folded on the Flop
Seat 4: a68c54b2 folded before Flop
Seat 5: ece4683e won (9,200)
Seat 6: bf70ddde folded before Flop
Seat 7: e80fa842 folded before Flop
Seat 8: Hero folded before Flop


Poker Hand #TM3556830839: Tournament #156786464, Bounty Hunters Mini Big Game $2.50 Hold'em No Limit - Level5(800/1,600) - 2024/08/06 20:26:43
Table '251' 8-max Seat #8 is the button
Seat 1: 4d2a9b36 (186,454 in chips)
Seat 2: bf9765f3 (247,741 in chips)
Seat 3: 6d5dc7de (116,152 in chips)
Seat 4: a68c54b2 (229,706 in chips)
Seat 5: ece4683e (100,000 in chips)
Seat 6: bf70ddde (170,909 in chips)
Seat 7: e80fa842 (189,742 in chips)
Seat 8: Hero (59,296 in chips)
a68c54b2: posts the ante 250
4d2a9b36: posts the ante 250
bf9765f3: posts the ante 250
6d5dc7de: posts the ante 250
ece4683e: posts the ante 250
bf70ddde: posts the ante 250
Hero: posts the ante 250
e80fa842: posts the ante 250
4d2a9b36: posts small blind 800
bf9765f3: posts big blind 1,600
*** HOLE CARDS ***
Dealt to 4d2a9b36 
Dealt to bf9765f3 
Dealt to 6d5dc7de 
Dealt to a68c54b2 
Dealt to ece4683e 
Dealt to bf70ddde 
Dealt to e80fa842 
Dealt to Hero [8d 5s]
6d5dc7de: folds
a68c54b2: raises 1,600 to 3,200
ece4683e: folds
bf70ddde: folds
e80fa842: folds
Hero: folds
4d2a9b36: folds
bf9765f3: calls 1,600
*** FLOP *** [Ts 6c 6d]
bf9765f3: checks
a68c54b2: checks
*** TURN *** [Ts 6c 6d] [8s]
bf9765f3: bets 4,600
a68c54b2: folds
Uncalled bet (4,600) returned to bf9765f3
ece4683e: shows [6s] (Three Sixes)
*** SHOWDOWN ***
bf9765f3 collected 9,200 from pot
*** SUMMARY ***
Total pot 9,200 | Rake 0 | Jackpot 0 | Bingo 0 | Fortune 0 | Tax 0
Board [Ts 6c 6d 8s]
Seat 1: 4d2a9b36 (small blind) folded before Flop
Seat 2: bf9765f3 (big blind) won (9,200)
Seat 3: 6d5dc7de folded before Flop
Seat 4: a68c54b2 folded on the Turn
Seat 5: ece4683e folded before Flop
Seat 6: bf70ddde folded before Flop
Seat 7: e80fa842 folded before Flop
Seat 8: Hero (button) folded before Flop


Poker Hand #TM3556830739: Tournament #156786464, Bounty Hunters Mini Big Game $2.50 Hold'em No Limit - Level5(800/1,600) - 2024/08/06 20:25:08
Table '251' 8-max Seat #7 is the button
Seat 1: 4d2a9b36 (189,904 in chips)
Seat 2: bf9765f3 (247,991 in chips)
Seat 3: 6d5dc7de (100,250 in chips)
Seat 4: a68c54b2 (237,958 in chips)
Seat 6: bf70ddde (171,159 in chips)
Seat 7: e80fa842 (189,992 in chips)
Seat 8: Hero (62,746 in chips)
a68c54b2: posts the ante 250
4d2a9b36: posts the ante 250
bf9765f3: posts the ante 250
6d5dc7de: posts the ante 250
bf70ddde: posts the ante 250
Hero: posts the ante 250
e80fa842: posts the ante 250
Hero: posts small blind 800
4d2a9b36: posts big blind 1,600
*** HOLE CARDS ***
Dealt to 4d2a9b36 
Dealt to bf9765f3 
Dealt to 6d5dc7de 
Dealt to a68c54b2 
Dealt to bf70ddde 
Dealt to e80fa842 
Dealt to Hero [9s Kc]
bf9765f3: folds
6d5dc7de: raises 1,600 to 3,200
a68c54b2: calls 3,200
bf70ddde: folds
e80fa842: folds
Hero: calls 2,400
4d2a9b36: calls 1,600
*** FLOP *** [Ts 3c 8h]
Hero: checks
4d2a9b36: checks
6d5dc7de: bets 4,802
a68c54b2: calls 4,802
Hero: folds
4d2a9b36: folds
*** TURN *** [Ts 3c 8h] [9c]
6d5dc7de: checks
a68c54b2: checks
*** RIVER *** [Ts 3c 8h 9c] [6s]
6d5dc7de: checks
a68c54b2: checks
6d5dc7de: shows [Ks 8s] (Pair of Eights)
a68c54b2: shows [Kh Qh] (King-High)
*** SHOWDOWN ***
6d5dc7de collected 24,154 from pot
*** SUMMARY ***
Total pot 24,154 | Rake 0 | Jackpot 0 | Bingo 0 | Fortune 0 | Tax 0
Board [Ts 3c 8h 9c 6s]
Seat 1: 4d2a9b36 (big blind) folded on the Flop
Seat 2: bf9765f3 folded before Flop
Seat 3: 6d5dc7de showed [Ks 8s] and won (24,154) with Pair of Eights
Seat 4: a68c54b2 showed [Kh Qh] and lost with King-High
Seat 6: bf70ddde folded before Flop
Seat 7: e80fa842 (button) folded before Flop
Seat 8: Hero (small blind) folded on the Flop


Poker Hand #TM3556830626: Tournament #156786464, Bounty Hunters Mini Big Game $2.50 Hold'em No Limit - Level5(800/1,600) - 2024/08/06 20:23:29
Table '251' 8-max Seat #6 is the button
Seat 1: 4d2a9b36 (190,154 in chips)
Seat 2: bf9765f3 (168,048 in chips)
Seat 3: 6d5dc7de (100,500 in chips)
Seat 4: a68c54b2 (238,208 in chips)
Seat 5: 43bc5670 (74,123 in chips)
Seat 6: bf70ddde (171,409 in chips)
Seat 7: e80fa842 (191,042 in chips)
Seat 8: Hero (66,516 in chips)
a68c54b2: posts the ante 250
4d2a9b36: posts the ante 250
43bc5670: posts the ante 250
bf9765f3: posts the ante 250
6d5dc7de: posts the ante 250
bf70ddde: posts the ante 250
Hero: posts the ante 250
e80fa842: posts the ante 250
e80fa842: posts small blind 800
Hero: posts big blind 1,600
*** HOLE CARDS ***
Dealt to 4d2a9b36 
Dealt to bf9765f3 
Dealt to 6d5dc7de 
Dealt to a68c54b2 
Dealt to 43bc5670 
Dealt to bf70ddde 
Dealt to e80fa842 
Dealt to Hero [6h 6s]
4d2a9b36: folds
bf9765f3: raises 1,920 to 3,520
6d5dc7de: folds
a68c54b2: folds
43bc5670: calls 3,520
bf70ddde: folds
e80fa842: folds
Hero: calls 1,920
*** FLOP *** [7s Ks 3s]
Hero: checks
bf9765f3: bets 4,409
43bc5670: calls 4,409
Hero: folds
*** TURN *** [7s Ks 3s] [3d]
bf9765f3: bets 11,089
43bc5670: calls 11,089
*** RIVER *** [7s Ks 3s 3d] [2h]
bf9765f3: bets 14,638
43bc5670: raises 40,217 to 54,855 and is all-in
bf9765f3: calls 40,217
43bc5670: shows [Kd 4d] (Pair of Kings and Pair of Treys)
bf9765f3: shows [Ah Kc] (Pair of Kings and Pair of Treys)
*** SHOWDOWN ***
bf9765f3 collected 154,066 from pot
*** SUMMARY ***
Total pot 154,066 | Rake 0 | Jackpot 0 | Bingo 0 | Fortune 0 | Tax 0
Board [7s Ks 3s 3d 2h]
Seat 1: 4d2a9b36 folded before Flop
Seat 2: bf9765f3 showed [Ah Kc] and won (154,066) with Pair of Kings and Pair of Treys
Seat 3: 6d5dc7de folded before Flop
Seat 4: a68c54b2 folded before Flop
Seat 5: 43bc5670 showed [Kd 4d] and lost with Pair of Kings and Pair of Treys
Seat 6: bf70ddde (button) folded before Flop
Seat 7: e80fa842 (small blind) folded before Flop
Seat 8: Hero (big blind) folded on the Flop


Poker Hand #TM3556830592: Tournament #156786464, Bounty Hunters Mini Big Game $2.50 Hold'em No Limit - Level5(800/1,600) - 2024/08/06 20:22:52
Table '251' 8-max Seat #5 is the button
Seat 1: 4d2a9b36 (190,404 in chips)
Seat 2: bf9765f3 (168,298 in chips)
Seat 3: 6d5dc7de (100,750 in chips)
Seat 4: a68c54b2 (234,058 in chips)
Seat 5: 43bc5670 (74,373 in chips)
Seat 6: bf70ddde (172,459 in chips)
Seat 7: e80fa842 (192,892 in chips)
Seat 8: Hero (66,766 in chips)
a68c54b2: posts the ante 250
4d2a9b36: posts the ante 250
43bc5670: posts the ante 250
bf9765f3: posts the ante 250
6d5dc7de: posts the ante 250
bf70ddde: posts the ante 250
Hero: posts the ante 250
e80fa842: posts the ante 250
bf70ddde: posts small blind 800
e80fa842: posts big blind 1,600
*** HOLE CARDS ***
Dealt to 4d2a9b36 
Dealt to bf9765f3 
Dealt to 6d5dc7de 
Dealt to a68c54b2 
Dealt to 43bc5670 
Dealt to bf70ddde 
Dealt to e80fa842 
Dealt to Hero [Tc 4s]
Hero: folds
4d2a9b36: folds
bf9765f3: folds
6d5dc7de: folds
a68c54b2: raises 1,600 to 3,200
43bc5670: folds
bf70ddde: folds
e80fa842: folds
Uncalled bet (1,600) returned to a68c54b2
*** SHOWDOWN ***
a68c54b2 collected 6,000 from pot
*** SUMMARY ***
Total pot 6,000 | Rake 0 | Jackpot 0 | Bingo 0 | Fortune 0 | Tax 0
Seat 1: 4d2a9b36 folded before Flop
Seat 2: bf9765f3 folded before Flop
Seat 3: 6d5dc7de folded before Flop
Seat 4: a68c54b2 collected (6,000)
Seat 5: 43bc5670 (button) folded before Flop
Seat 6: bf70ddde (small blind) folded before Flop
Seat 7: e80fa842 (big blind) folded before Flop
Seat 8: Hero folded before Flop


Poker Hand #TM3556830552: Tournament #156786464, Bounty Hunters Mini Big Game $2.50 Hold'em No Limit - Level5(800/1,600) - 2024/08/06 20:22:19
Table '251' 8-max Seat #4 is the button
Seat 1: 4d2a9b36 (190,654 in chips)
Seat 2: bf9765f3 (168,548 in chips)
Seat 3: 6d5dc7de (96,600 in chips)
Seat 4: a68c54b2 (234,308 in chips)
Seat 5: 43bc5670 (75,423 in chips)
Seat 6: bf70ddde (174,309 in chips)
Seat 7: e80fa842 (193,142 in chips)
Seat 8: Hero (67,016 in chips)
a68c54b2: posts the ante 250
4d2a9b36: posts the ante 250
43bc5670: posts the ante 250
bf9765f3: posts the ante 250
6d5dc7de: posts the ante 250
bf70ddde: posts the ante 250
Hero: posts the ante 250
e80fa842: posts the ante 250
43bc5670: posts small blind 800
bf70ddde: posts big blind 1,600
*** HOLE CARDS ***
Dealt to 4d2a9b36 
Dealt to bf9765f3 
Dealt to 6d5dc7de 
Dealt to a68c54b2 
Dealt to 43bc5670 
Dealt to bf70ddde 
Dealt to e80fa842 
Dealt to Hero [6c Ts]
e80fa842: folds
Hero: folds
4d2a9b36: folds
bf9765f3: folds
6d5dc7de: raises 1,600 to 3,200
a68c54b2: folds
43bc5670: folds
bf70ddde: folds
Uncalled bet (1,600) returned to 6d5dc7de
*** SHOWDOWN ***
6d5dc7de collected 6,000 from pot
*** SUMMARY ***
Total pot 6,000 | Rake 0 | Jackpot 0 | Bingo 0 | Fortune 0 | Tax 0
Seat 1: 4d2a9b36 folded before Flop
Seat 2: bf9765f3 folded before Flop
Seat 3: 6d5dc7de collected (6,000)
Seat 4: a68c54b2 (button) folded before Flop
Seat 5: 43bc5670 (small blind) folded before Flop
Seat 6: bf70ddde (big blind) folded before Flop
Seat 7: e80fa842 folded before Flop
Seat 8: Hero folded before Flop


Poker Hand #TM3556830500: Tournament #156786464, Bounty Hunters Mini Big Game $2.50 Hold'em No Limit - Level5(800/1,600) - 2024/08/06 20:21:32
Table '251' 8-max Seat #3 is the button
Seat 1: 4d2a9b36 (190,904 in chips)
Seat 2: bf9765f3 (168,798 in chips)
Seat 3: 6d5dc7de (96,850 in chips)
Seat 4: a68c54b2 (235,358 in chips)
Seat 5: 43bc5670 (66,637 in chips)
Seat 6: bf70ddde (174,559 in chips)
Seat 7: e80fa842 (199,628 in chips)
Seat 8: Hero (67,266 in chips)
4d2a9b36: posts the ante 250
a68c54b2: posts the ante 250
43bc5670: posts the ante 250
bf9765f3: posts the ante 250
6d5dc7de: posts the ante 250
bf70ddde: posts the ante 250
Hero: posts the ante 250
e80fa842: posts the ante 250
a68c54b2: posts small blind 800
43bc5670: posts big blind 1,600
*** HOLE CARDS ***
Dealt to 4d2a9b36 
Dealt to bf9765f3 
Dealt to 6d5dc7de 
Dealt to a68c54b2 
Dealt to 43bc5670 
Dealt to bf70ddde 
Dealt to e80fa842 
Dealt to Hero [Ac 7s]
bf70ddde: folds
e80fa842: raises 1,600 to 3,200
Hero: folds
4d2a9b36: folds
bf9765f3: folds
6d5dc7de: folds
a68c54b2: folds
43bc5670: raises 3,036 to 6,236
e80fa842: calls 3,036
*** FLOP *** [9s 9d 7h]
43bc5670: checks
e80fa842: checks
*** TURN *** [9s 9d 7h] [4c]
43bc5670: bets 5,040
e80fa842: folds
Uncalled bet (5,040) returned to 43bc5670
*** SHOWDOWN ***
43bc5670 collected 15,272 from pot
*** SUMMARY ***
Total pot 15,272 | Rake 0 | Jackpot 0 | Bingo 0 | Fortune 0 | Tax 0
Board [9s 9d 7h 4c]
Seat 1: 4d2a9b36 folded before Flop
Seat 2: bf9765f3 folded before Flop
Seat 3: 6d5dc7de (button) folded before Flop
Seat 4: a68c54b2 (small blind) folded before Flop
Seat 5: 43bc5670 (big blind) won (15,272)
Seat 6: bf70ddde folded before Flop
Seat 7: e80fa842 folded on the Turn
Seat 8: Hero folded before Flop


Poker Hand #TM3556830465: Tournament #156786464, Bounty Hunters Mini Big Game $2.50 Hold'em No Limit - Level5(800/1,600) - 2024/08/06 20:20:56
Table '251' 8-max Seat #2 is the button
Seat 1: 4d2a9b36 (191,154 in chips)
Seat 2: bf9765f3 (169,048 in chips)
Seat 3: 6d5dc7de (97,900 in chips)
Seat 4: a68c54b2 (237,208 in chips)
Seat 5: 43bc5670 (62,487 in chips)
Seat 6: bf70ddde (174,809 in chips)
Seat 7: e80fa842 (199,878 in chips)
Seat 8: Hero (67,516 in chips)
4d2a9b36: posts the ante 250
a68c54b2: posts the ante 250
43bc5670: posts the ante 250
bf9765f3: posts the ante 250
6d5dc7de: posts the ante 250
bf70ddde: posts the ante 250
Hero: posts the ante 250
e80fa842: posts the ante 250
6d5dc7de: posts small blind 800
a68c54b2: posts big blind 1,600
*** HOLE CARDS ***
Dealt to 4d2a9b36 
Dealt to bf9765f3 
Dealt to 6d5dc7de 
Dealt to a68c54b2 
Dealt to 43bc5670 
Dealt to bf70ddde 
Dealt to e80fa842 
Dealt to Hero [3s 9h]
43bc5670: raises 1,600 to 3,200
bf70ddde: folds
e80fa842: folds
Hero: folds
4d2a9b36: folds
bf9765f3: folds
6d5dc7de: folds
a68c54b2: folds
Uncalled bet (1,600) returned to 43bc5670
*** SHOWDOWN ***
43bc5670 collected 6,000 from pot
*** SUMMARY ***
Total pot 6,000 | Rake 0 | Jackpot 0 | Bingo 0 | Fortune 0 | Tax 0
Seat 1: 4d2a9b36 folded before Flop
Seat 2: bf9765f3 (button) folded before Flop
Seat 3: 6d5dc7de (small blind) folded before Flop
Seat 4: a68c54b2 (big blind) folded before Flop
Seat 5: 43bc5670 collected (6,000)
Seat 6: bf70ddde folded before Flop
Seat 7: e80fa842 folded before Flop
Seat 8: Hero folded before Flop


Poker Hand #TM3556830371: Tournament #156786464, Bounty Hunters Mini Big Game $2.50 Hold'em No Limit - Level5(800/1,600) - 2024/08/06 20:19:36
Table '251' 8-max Seat #1 is the button
Seat 1: 4d2a9b36 (191,404 in chips)
Seat 2: bf9765f3 (170,098 in chips)
Seat 3: 6d5dc7de (99,750 in chips)
Seat 4: a68c54b2 (237,458 in chips)
Seat 5: 43bc5670 (82,947 in chips)
Seat 6: bf70ddde (175,059 in chips)
Seat 7: e80fa842 (175,518 in chips)
Seat 8: Hero (67,766 in chips)
4d2a9b36: posts the ante 250
a68c54b2: posts the ante 250
43bc5670: posts the ante 250
bf9765f3: posts the ante 250
6d5dc7de: posts the ante 250
bf70ddde: posts the ante 250
Hero: posts the ante 250
e80fa842: posts the ante 250
bf9765f3: posts small blind 800
6d5dc7de: posts big blind 1,600
*** HOLE CARDS ***
Dealt to 4d2a9b36 
Dealt to bf9765f3 
Dealt to 6d5dc7de 
Dealt to a68c54b2 
Dealt to 43bc5670 
Dealt to bf70ddde 
Dealt to e80fa842 
Dealt to Hero [Ts 9s]
a68c54b2: folds
43bc5670: raises 1,600 to 3,200
bf70ddde: folds
e80fa842: raises 8,100 to 11,300
Hero: folds
4d2a9b36: folds
bf9765f3: folds
6d5dc7de: folds
43bc5670: calls 8,100
*** FLOP *** [8h 9h 2h]
43bc5670: checks
e80fa842: bets 8,910
43bc5670: calls 8,910
*** TURN *** [8h 9h 2h] [2d]
43bc5670: checks
e80fa842: checks
*** RIVER *** [8h 9h 2h 2d] [Ad]
43bc5670: checks
e80fa842: bets 33,615
43bc5670: folds
Uncalled bet (33,615) returned to e80fa842
*** SHOWDOWN ***
e80fa842 collected 44,820 from pot
*** SUMMARY ***
Total pot 44,820 | Rake 0 | Jackpot 0 | Bingo 0 | Fortune 0 | Tax 0
Board [8h 9h 2h 2d Ad]
Seat 1: 4d2a9b36 (button) folded before Flop
Seat 2: bf9765f3 (small blind) folded before Flop
Seat 3: 6d5dc7de (big blind) folded before Flop
Seat 4: a68c54b2 folded before Flop
Seat 5: 43bc5670 folded on the River
Seat 6: bf70ddde folded before Flop
Seat 7: e80fa842 won (44,820)
Seat 8: Hero folded before Flop


Poker Hand #TM3556830330: Tournament #156786464, Bounty Hunters Mini Big Game $2.50 Hold'em No Limit - Level5(800/1,600) - 2024/08/06 20:19:01
Table '251' 8-max Seat #8 is the button
Seat 1: 4d2a9b36 (192,454 in chips)
Seat 2: bf9765f3 (171,948 in chips)
Seat 3: 6d5dc7de (100,000 in chips)
Seat 4: a68c54b2 (237,708 in chips)
Seat 5: 43bc5670 (78,797 in chips)
Seat 6: bf70ddde (175,309 in chips)
Seat 7: e80fa842 (175,768 in chips)
Seat 8: Hero (68,016 in chips)
a68c54b2: posts the ante 250
4d2a9b36: posts the ante 250
43bc5670: posts the ante 250
bf9765f3: posts the ante 250
6d5dc7de: posts the ante 250
bf70ddde: posts the ante 250
Hero: posts the ante 250
e80fa842: posts the ante 250
4d2a9b36: posts small blind 800
bf9765f3: posts big blind 1,600
*** HOLE CARDS ***
Dealt to 4d2a9b36 
Dealt to bf9765f3 
Dealt to 6d5dc7de 
Dealt to a68c54b2 
Dealt to 43bc5670 
Dealt to bf70ddde 
Dealt to e80fa842 
Dealt to Hero [As 2c]
6d5dc7de: folds
a68c54b2: folds
43bc5670: raises 1,600 to 3,200
bf70ddde: folds
e80fa842: folds
Hero: folds
4d2a9b36: folds
bf9765f3: folds
Uncalled bet (1,600) returned to 43bc5670
*** SHOWDOWN ***
43bc5670 collected 6,000 from pot
*** SUMMARY ***
Total pot 6,000 | Rake 0 | Jackpot 0 | Bingo 0 | Fortune 0 | Tax 0
Seat 1: 4d2a9b36 (small blind) folded before Flop
Seat 2: bf9765f3 (big blind) folded before Flop
Seat 3: 6d5dc7de folded before Flop
Seat 4: a68c54b2 folded before Flop
Seat 5: 43bc5670 collected (6,000)
Seat 6: bf70ddde folded before Flop
Seat 7: e80fa842 folded before Flop
Seat 8: Hero (button) folded before Flop


Poker Hand #TM3556830293: Tournament #156786464, Bounty Hunters Mini Big Game $2.50 Hold'em No Limit - Level5(800/1,600) - 2024/08/06 20:18:23
Table '251' 8-max Seat #7 is the button
Seat 1: 4d2a9b36 (187,720 in chips)
Seat 2: bf9765f3 (172,198 in chips)
Seat 4: a68c54b2 (237,958 in chips)
Seat 5: 43bc5670 (79,047 in chips)
Seat 6: bf70ddde (175,559 in chips)
Seat 7: e80fa842 (176,018 in chips)
Seat 8: Hero (71,500 in chips)
a68c54b2: posts the ante 250
4d2a9b36: posts the ante 250
43bc5670: posts the ante 250
bf9765f3: posts the ante 250
bf70ddde: posts the ante 250
Hero: posts the ante 250
e80fa842: posts the ante 250
Hero: posts small blind 800
4d2a9b36: posts big blind 1,600
*** HOLE CARDS ***
Dealt to 4d2a9b36 
Dealt to bf9765f3 
Dealt to a68c54b2 
Dealt to 43bc5670 
Dealt to bf70ddde 
Dealt to e80fa842 
Dealt to Hero [Qc 9s]
bf9765f3: folds
a68c54b2: folds
43bc5670: folds
bf70ddde: folds
e80fa842: folds
Hero: calls 800
4d2a9b36: checks
*** FLOP *** [7d 7s 3d]
Hero: checks
4d2a9b36: checks
*** TURN *** [7d 7s 3d] [2c]
Hero: bets 1,634
4d2a9b36: calls 1,634
*** RIVER *** [7d 7s 3d 2c] [Jh]
Hero: checks
4d2a9b36: checks
Hero: shows [Qc 9s] (Pair of Sevens)
4d2a9b36: shows [Ac 6h] (Pair of Sevens)
*** SHOWDOWN ***
4d2a9b36 collected 8,218 from pot
*** SUMMARY ***
Total pot 8,218 | Rake 0 | Jackpot 0 | Bingo 0 | Fortune 0 | Tax 0
Board [7d 7s 3d 2c Jh]
Seat 1: 4d2a9b36 (big blind) showed [Ac 6h] and won (8,218) with Pair of Sevens
Seat 2: bf9765f3 folded before Flop
Seat 4: a68c54b2 folded before Flop
Seat 5: 43bc5670 folded before Flop
Seat 6: bf70ddde folded before Flop
Seat 7: e80fa842 (button) folded before Flop
Seat 8: Hero (small blind) showed [Qc 9s] and lost with Pair of Sevens


Poker Hand #TM3556830229: Tournament #156786464, Bounty Hunters Mini Big Game $2.50 Hold'em No Limit - Level4(600/1,200) - 2024/08/06 20:17:24
Table '251' 8-max Seat #6 is the button
Seat 1: 4d2a9b36 (190,300 in chips)
Seat 2: bf9765f3 (172,378 in chips)
Seat 3: 665a5ab (90,023 in chips)
Seat 4: a68c54b2 (243,192 in chips)
Seat 5: 43bc5670 (100,000 in chips)
Seat 6: bf70ddde (175,739 in chips)
Seat 7: e80fa842 (55,488 in chips)
Seat 8: Hero (72,880 in chips)
a68c54b2: posts the ante 180
4d2a9b36: posts the ante 180
43bc5670: posts the ante 180
bf9765f3: posts the ante 180
665a5ab: posts the ante 180
bf70ddde: posts the ante 180
Hero: posts the ante 180
e80fa842: posts the ante 180
e80fa842: posts small blind 600
Hero: posts big blind 1,200
*** HOLE CARDS ***
Dealt to 4d2a9b36 
Dealt to bf9765f3 
Dealt to 665a5ab 
Dealt to a68c54b2 
Dealt to 43bc5670 
Dealt to bf70ddde 
Dealt to e80fa842 
Dealt to Hero [8h 5c]
4d2a9b36: raises 1,200 to 2,400
bf9765f3: folds
665a5ab: raises 2,654 to 5,054
a68c54b2: calls 5,054
43bc5670: calls 5,054
bf70ddde: folds
e80fa842: raises 50,254 to 55,308 and is all-in
Hero: folds
4d2a9b36: folds
665a5ab: raises 34,535 to 89,843 and is all-in
a68c54b2: folds
43bc5670: calls 84,789
665a5ab: shows [Td Kc]
43bc5670: shows [Qd Kd]
e80fa842: shows [6h Qh]
*** FLOP *** [5s 6c 9h]
*** TURN *** [5s 6c 9h] [7d]
*** RIVER *** [5s 6c 9h 7d] [3d]
*** SHOWDOWN ***
e80fa842 collected 176,018 from pot
43bc5670 collected 69,070 from pot
*** SUMMARY ***
Total pot 245,088 | Rake 0 | Jackpot 0 | Bingo 0 | Fortune 0 | Tax 0
Board [5s 6c 9h 7d 3d]
Seat 1: 4d2a9b36 folded before Flop
Seat 2: bf9765f3 folded before Flop
Seat 3: 665a5ab showed [Td Kc] and lost with King-High
Seat 4: a68c54b2 folded before Flop
Seat 5: 43bc5670 showed [Qd Kd] and won (69,070) with King-High
Seat 6: bf70ddde (button) folded before Flop
Seat 7: e80fa842 (small blind) showed [6h Qh] and won (176,018) with Pair of Sixes
Seat 8: Hero (big blind) folded before Flop


Poker Hand #TM3556830195: Tournament #156786464, Bounty Hunters Mini Big Game $2.50 Hold'em No Limit - Level4(600/1,200) - 2024/08/06 20:16:59
Table '251' 8-max Seat #4 is the button
Seat 1: 4d2a9b36 (190,480 in chips)
Seat 2: bf9765f3 (172,558 in chips)
Seat 3: 665a5ab (87,143 in chips)
Seat 4: a68c54b2 (243,372 in chips)
Seat 6: bf70ddde (176,519 in chips)
Seat 7: e80fa842 (56,868 in chips)
Seat 8: Hero (73,060 in chips)
a68c54b2: posts the ante 180
4d2a9b36: posts the ante 180
bf9765f3: posts the ante 180
665a5ab: posts the ante 180
bf70ddde: posts the ante 180
Hero: posts the ante 180
e80fa842: posts the ante 180
bf70ddde: posts small blind 600
e80fa842: posts big blind 1,200
*** HOLE CARDS ***
Dealt to 4d2a9b36 
Dealt to bf9765f3 
Dealt to 665a5ab 
Dealt to a68c54b2 
Dealt to bf70ddde 
Dealt to e80fa842 
Dealt to Hero [Kc 2d]
Hero: folds
4d2a9b36: folds
bf9765f3: folds
665a5ab: raises 2,400 to 3,600
a68c54b2: folds
bf70ddde: folds
e80fa842: folds
Uncalled bet (2,400) returned to 665a5ab
*** SHOWDOWN ***
665a5ab collected 4,260 from pot
*** SUMMARY ***
Total pot 4,260 | Rake 0 | Jackpot 0 | Bingo 0 | Fortune 0 | Tax 0
Seat 1: 4d2a9b36 folded before Flop
Seat 2: bf9765f3 folded before Flop
Seat 3: 665a5ab collected (4,260)
Seat 4: a68c54b2 (button) folded before Flop
Seat 6: bf70ddde (small blind) folded before Flop
Seat 7: e80fa842 (big blind) folded before Flop
Seat 8: Hero folded before Flop


Poker Hand #TM3556830142: Tournament #156786464, Bounty Hunters Mini Big Game $2.50 Hold'em No Limit - Level4(600/1,200) - 2024/08/06 20:16:06
Table '251' 8-max Seat #3 is the button
Seat 1: 4d2a9b36 (190,660 in chips)
Seat 2: bf9765f3 (232,326 in chips)
Seat 3: 665a5ab (87,323 in chips)
Seat 4: a68c54b2 (80,424 in chips)
Seat 5: 517ebcf2 (101,080 in chips)
Seat 6: bf70ddde (176,699 in chips)
Seat 7: e80fa842 (57,048 in chips)
Seat 8: Hero (74,440 in chips)
4d2a9b36: posts the ante 180
a68c54b2: posts the ante 180
bf9765f3: posts the ante 180
665a5ab: posts the ante 180
bf70ddde: posts the ante 180
517ebcf2: posts the ante 180
Hero: posts the ante 180
e80fa842: posts the ante 180
a68c54b2: posts small blind 600
517ebcf2: posts big blind 1,200
*** HOLE CARDS ***
Dealt to 4d2a9b36 
Dealt to bf9765f3 
Dealt to 665a5ab 
Dealt to a68c54b2 
Dealt to 517ebcf2 
Dealt to bf70ddde 
Dealt to e80fa842 
Dealt to Hero [7c 7d]
bf70ddde: folds
e80fa842: folds
Hero: calls 1,200
4d2a9b36: folds
bf9765f3: raises 4,230 to 5,430
665a5ab: folds
a68c54b2: raises 14,700 to 20,130
517ebcf2: calls 18,930
Hero: folds
bf9765f3: raises 212,016 to 232,146 and is all-in
a68c54b2: calls 60,114 and is all-in
517ebcf2: calls 80,770 and is all-in
Uncalled bet (131,246) returned to bf9765f3
bf9765f3: shows [Ad Kh]
a68c54b2: shows [Tc As]
517ebcf2: shows [Kd Jd]
*** FLOP *** [Ac 4c Td]
*** TURN *** [Ac 4c Td] [Ah]
*** RIVER *** [Ac 4c Td Ah] [4s]
*** SHOWDOWN ***
a68c54b2 collected 243,372 from pot
bf9765f3 collected 41,312 from pot
*** SUMMARY ***
Total pot 284,684 | Rake 0 | Jackpot 0 | Bingo 0 | Fortune 0 | Tax 0
Board [Ac 4c Td Ah 4s]
Seat 1: 4d2a9b36 folded before Flop
Seat 2: bf9765f3 showed [Ad Kh] and won (41,312) with Aces Full over Fours
Seat 3: 665a5ab (button) folded before Flop
Seat 4: a68c54b2 (small blind) showed [Tc As] and won (243,372) with Aces Full over Tens
Seat 5: 517ebcf2 (big blind) showed [Kd Jd] and lost with Pair of Aces and Pair of Fours
Seat 6: bf70ddde folded before Flop
Seat 7: e80fa842 folded before Flop
Seat 8: Hero folded before Flop


Poker Hand #TM3556830044: Tournament #156786464, Bounty Hunters Mini Big Game $2.50 Hold'em No Limit - Level4(600/1,200) - 2024/08/06 20:14:36
Table '251' 8-max Seat #2 is the button
Seat 1: 4d2a9b36 (190,840 in chips)
Seat 2: bf9765f3 (115,323 in chips)
Seat 3: 665a5ab (88,103 in chips)
Seat 4: a68c54b2 (195,747 in chips)
Seat 5: 517ebcf2 (101,260 in chips)
Seat 6: bf70ddde (176,879 in chips)
Seat 7: e80fa842 (57,228 in chips)
Seat 8: Hero (74,620 in chips)
4d2a9b36: posts the ante 180
a68c54b2: posts the ante 180
bf9765f3: posts the ante 180
665a5ab: posts the ante 180
bf70ddde: posts the ante 180
517ebcf2: posts the ante 180
Hero: posts the ante 180
e80fa842: posts the ante 180
665a5ab: posts small blind 600
a68c54b2: posts big blind 1,200
*** HOLE CARDS ***
Dealt to 4d2a9b36 
Dealt to bf9765f3 
Dealt to 665a5ab 
Dealt to a68c54b2 
Dealt to 517ebcf2 
Dealt to bf70ddde 
Dealt to e80fa842 
Dealt to Hero [3h 5d]
517ebcf2: folds
bf70ddde: folds
e80fa842: folds
Hero: folds
4d2a9b36: folds
bf9765f3: raises 1,440 to 2,640
665a5ab: folds
a68c54b2: raises 7,320 to 9,960
bf9765f3: calls 7,320
*** FLOP *** [7h 5s 8s]
a68c54b2: bets 21,960
bf9765f3: raises 83,223 to 105,183 and is all-in
a68c54b2: calls 83,223
bf9765f3: shows [Ts Ks] (King-High)
a68c54b2: shows [Qs Qc] (Pair of Queens)
*** TURN *** [7h 5s 8s] [Jc]
*** RIVER *** [7h 5s 8s Jc] [Js]
*** SHOWDOWN ***
bf9765f3 collected 232,326 from pot
*** SUMMARY ***
Total pot 232,326 | Rake 0 | Jackpot 0 | Bingo 0 | Fortune 0 | Tax 0
Board [7h 5s 8s Jc Js]
Seat 1: 4d2a9b36 folded before Flop
Seat 2: bf9765f3 (button) showed [Ts Ks] and won (232,326) with King High Flush
Seat 3: 665a5ab (small blind) folded before Flop
Seat 4: a68c54b2 (big blind) showed [Qs Qc] and lost with Pair of Queens and Pair of Jacks
Seat 5: 517ebcf2 folded before Flop
Seat 6: bf70ddde folded before Flop
Seat 7: e80fa842 folded before Flop
Seat 8: Hero folded before Flop


Poker Hand #TM3556829921: Tournament #156786464, Bounty Hunters Mini Big Game $2.50 Hold'em No Limit - Level4(600/1,200) - 2024/08/06 20:12:42
Table '251' 8-max Seat #1 is the button
Seat 1: 4d2a9b36 (191,020 in chips)
Seat 2: bf9765f3 (111,423 in chips)
Seat 3: 665a5ab (90,923 in chips)
Seat 4: a68c54b2 (195,927 in chips)
Seat 5: 517ebcf2 (101,440 in chips)
Seat 6: bf70ddde (177,059 in chips)
Seat 7: e80fa842 (57,408 in chips)
Seat 8: Hero (74,800 in chips)
4d2a9b36: posts the ante 180
a68c54b2: posts the ante 180
bf9765f3: posts the ante 180
665a5ab: posts the ante 180
bf70ddde: posts the ante 180
517ebcf2: posts the ante 180
Hero: posts the ante 180
e80fa842: posts the ante 180
bf9765f3: posts small blind 600
665a5ab: posts big blind 1,200
*** HOLE CARDS ***
Dealt to 4d2a9b36 
Dealt to bf9765f3 
Dealt to 665a5ab 
Dealt to a68c54b2 
Dealt to 517ebcf2 
Dealt to bf70ddde 
Dealt to e80fa842 
Dealt to Hero [8h 6h]
a68c54b2: folds
517ebcf2: folds
bf70ddde: folds
e80fa842: folds
Hero: folds
4d2a9b36: folds
bf9765f3: raises 1,440 to 2,640
665a5ab: calls 1,440
*** FLOP *** [2h 9d Ac]
bf9765f3: bets 2,218
665a5ab: folds
Uncalled bet (2,218) returned to bf9765f3
*** SHOWDOWN ***
bf9765f3 collected 6,720 from pot
*** SUMMARY ***
Total pot 6,720 | Rake 0 | Jackpot 0 | Bingo 0 | Fortune 0 | Tax 0
Board [2h 9d Ac]
Seat 1: 4d2a9b36 (button) folded before Flop
Seat 2: bf9765f3 (small blind) won (6,720)
Seat 3: 665a5ab (big blind) folded on the Flop
Seat 4: a68c54b2 folded before Flop
Seat 5: 517ebcf2 folded before Flop
Seat 6: bf70ddde folded before Flop
Seat 7: e80fa842 folded before Flop
Seat 8: Hero folded before Flop


Poker Hand #TM3556829901: Tournament #156786464, Bounty Hunters Mini Big Game $2.50 Hold'em No Limit - Level4(600/1,200) - 2024/08/06 20:12:22
Table '251' 8-max Seat #8 is the button
Seat 1: 4d2a9b36 (191,800 in chips)
Seat 2: bf9765f3 (109,563 in chips)
Seat 3: 665a5ab (91,103 in chips)
Seat 4: a68c54b2 (196,107 in chips)
Seat 5: 517ebcf2 (101,620 in chips)
Seat 6: bf70ddde (177,239 in chips)
Seat 7: e80fa842 (57,588 in chips)
Seat 8: Hero (74,980 in chips)
a68c54b2: posts the ante 180
4d2a9b36: posts the ante 180
bf9765f3: posts the ante 180
665a5ab: posts the ante 180
bf70ddde: posts the ante 180
517ebcf2: posts the ante 180
Hero: posts the ante 180
e80fa842: posts the ante 180
4d2a9b36: posts small blind 600
bf9765f3: posts big blind 1,200
*** HOLE CARDS ***
Dealt to 4d2a9b36 
Dealt to bf9765f3 
Dealt to 665a5ab 
Dealt to a68c54b2 
Dealt to 517ebcf2 
Dealt to bf70ddde 
Dealt to e80fa842 
Dealt to Hero [8d 4h]
665a5ab: folds
a68c54b2: folds
517ebcf2: folds
bf70ddde: folds
e80fa842: folds
Hero: folds
4d2a9b36: folds
Uncalled bet (600) returned to bf9765f3
*** SHOWDOWN ***
bf9765f3 collected 2,640 from pot
*** SUMMARY ***
Total pot 2,640 | Rake 0 | Jackpot 0 | Bingo 0 | Fortune 0 | Tax 0
Seat 1: 4d2a9b36 (small blind) folded before Flop
Seat 2: bf9765f3 (big blind) collected (2,640)
Seat 3: 665a5ab folded before Flop
Seat 4: a68c54b2 folded before Flop
Seat 5: 517ebcf2 folded before Flop
Seat 6: bf70ddde folded before Flop
Seat 7: e80fa842 folded before Flop
Seat 8: Hero (button) folded before Flop


Poker Hand #TM3556829857: Tournament #156786464, Bounty Hunters Mini Big Game $2.50 Hold'em No Limit - Level4(600/1,200) - 2024/08/06 20:11:39
Table '251' 8-max Seat #7 is the button
Seat 1: 4d2a9b36 (193,180 in chips)
Seat 2: bf9765f3 (106,503 in chips)
Seat 3: 665a5ab (91,283 in chips)
Seat 4: a68c54b2 (196,287 in chips)
Seat 5: 517ebcf2 (101,800 in chips)
Seat 6: bf70ddde (177,419 in chips)
Seat 7: e80fa842 (57,768 in chips)
Seat 8: Hero (75,760 in chips)
a68c54b2: posts the ante 180
4d2a9b36: posts the ante 180
bf9765f3: posts the ante 180
665a5ab: posts the ante 180
bf70ddde: posts the ante 180
517ebcf2: posts the ante 180
Hero: posts the ante 180
e80fa842: posts the ante 180
Hero: posts small blind 600
4d2a9b36: posts big blind 1,200
*** HOLE CARDS ***
Dealt to 4d2a9b36 
Dealt to bf9765f3 
Dealt to 665a5ab 
Dealt to a68c54b2 
Dealt to 517ebcf2 
Dealt to bf70ddde 
Dealt to e80fa842 
Dealt to Hero [Qd 8s]
bf9765f3: raises 1,440 to 2,640
665a5ab: folds
a68c54b2: folds
517ebcf2: folds
bf70ddde: folds
e80fa842: folds
Hero: folds
4d2a9b36: folds
Uncalled bet (1,440) returned to bf9765f3
*** SHOWDOWN ***
bf9765f3 collected 4,440 from pot
*** SUMMARY ***
Total pot 4,440 | Rake 0 | Jackpot 0 | Bingo 0 | Fortune 0 | Tax 0
Seat 1: 4d2a9b36 (big blind) folded before Flop
Seat 2: bf9765f3 collected (4,440)
Seat 3: 665a5ab folded before Flop
Seat 4: a68c54b2 folded before Flop
Seat 5: 517ebcf2 folded before Flop
Seat 6: bf70ddde folded before Flop
Seat 7: e80fa842 (button) folded before Flop
Seat 8: Hero (small blind) folded before Flop


Poker Hand #TM3556829786: Tournament #156786464, Bounty Hunters Mini Big Game $2.50 Hold'em No Limit - Level4(600/1,200) - 2024/08/06 20:10:36
Table '251' 8-max Seat #6 is the button
Seat 1: 4d2a9b36 (169,720 in chips)
Seat 2: bf9765f3 (106,683 in chips)
Seat 3: 665a5ab (93,863 in chips)
Seat 4: a68c54b2 (196,467 in chips)
Seat 5: 517ebcf2 (101,980 in chips)
Seat 6: bf70ddde (177,599 in chips)
Seat 7: e80fa842 (58,548 in chips)
Seat 8: Hero (95,140 in chips)
a68c54b2: posts the ante 180
4d2a9b36: posts the ante 180
bf9765f3: posts the ante 180
665a5ab: posts the ante 180
bf70ddde: posts the ante 180
517ebcf2: posts the ante 180
Hero: posts the ante 180
e80fa842: posts the ante 180
e80fa842: posts small blind 600
Hero: posts big blind 1,200
*** HOLE CARDS ***
Dealt to 4d2a9b36 
Dealt to bf9765f3 
Dealt to 665a5ab 
Dealt to a68c54b2 
Dealt to 517ebcf2 
Dealt to bf70ddde 
Dealt to e80fa842 
Dealt to Hero [Ah 5d]
4d2a9b36: raises 1,200 to 2,400
bf9765f3: folds
665a5ab: calls 2,400
a68c54b2: folds
517ebcf2: folds
bf70ddde: folds
e80fa842: folds
Hero: calls 1,200
*** FLOP *** [Ts Td As]
Hero: checks
4d2a9b36: bets 4,800
665a5ab: folds
Hero: calls 4,800
*** TURN *** [Ts Td As] [6h]
Hero: checks
4d2a9b36: bets 12,000
Hero: calls 12,000
*** RIVER *** [Ts Td As 6h] [9h]
Hero: checks
4d2a9b36: checks
Hero: shows [Ah 5d] (Pair of Aces and Pair of Tens)
4d2a9b36: shows [Ac Ks] (Pair of Aces and Pair of Tens)
*** SHOWDOWN ***
4d2a9b36 collected 42,840 from pot
*** SUMMARY ***
Total pot 42,840 | Rake 0 | Jackpot 0 | Bingo 0 | Fortune 0 | Tax 0
Board [Ts Td As 6h 9h]
Seat 1: 4d2a9b36 showed [Ac Ks] and won (42,840) with Pair of Aces and Pair of Tens
Seat 2: bf9765f3 folded before Flop
Seat 3: 665a5ab folded on the Flop
Seat 4: a68c54b2 folded before Flop
Seat 5: 517ebcf2 folded before Flop
Seat 6: bf70ddde (button) folded before Flop
Seat 7: e80fa842 (small blind) folded before Flop
Seat 8: Hero (big blind) showed [Ah 5d] and lost with Pair of Aces and Pair of Tens


Poker Hand #TM3556829714: Tournament #156786464, Bounty Hunters Mini Big Game $2.50 Hold'em No Limit - Level4(600/1,200) - 2024/08/06 20:09:38
Table '251' 8-max Seat #5 is the button
Seat 1: 4d2a9b36 (99,820 in chips)
Seat 2: bf9765f3 (106,863 in chips)
Seat 3: 665a5ab (94,043 in chips)
Seat 4: a68c54b2 (196,647 in chips)
Seat 5: 517ebcf2 (104,560 in chips)
Seat 6: bf70ddde (178,379 in chips)
Seat 7: e80fa842 (124,368 in chips)
Seat 8: Hero (95,320 in chips)
a68c54b2: posts the ante 180
4d2a9b36: posts the ante 180
bf9765f3: posts the ante 180
665a5ab: posts the ante 180
bf70ddde: posts the ante 180
517ebcf2: posts the ante 180
Hero: posts the ante 180
e80fa842: posts the ante 180
bf70ddde: posts small blind 600
e80fa842: posts big blind 1,200
*** HOLE CARDS ***
Dealt to 4d2a9b36 
Dealt to bf9765f3 
Dealt to 665a5ab 
Dealt to a68c54b2 
Dealt to 517ebcf2 
Dealt to bf70ddde 
Dealt to e80fa842 
Dealt to Hero [9h 4s]
Hero: folds
4d2a9b36: raises 1,200 to 2,400
bf9765f3: folds
665a5ab: folds
a68c54b2: folds
517ebcf2: calls 2,400
bf70ddde: folds
e80fa842: calls 1,200
*** FLOP *** [6d 7c Ah]
e80fa842: checks
4d2a9b36: bets 3,600
517ebcf2: folds
e80fa842: calls 3,600
*** TURN *** [6d 7c Ah] [5h]
e80fa842: checks
4d2a9b36: bets 14,400
e80fa842: calls 14,400
*** RIVER *** [6d 7c Ah 5h] [3d]
e80fa842: bets 45,240
4d2a9b36: calls 45,240
e80fa842: shows [8c As] (Pair of Aces)
4d2a9b36: shows [Ac Qc] (Pair of Aces)
*** SHOWDOWN ***
4d2a9b36 collected 135,720 from pot
*** SUMMARY ***
Total pot 135,720 | Rake 0 | Jackpot 0 | Bingo 0 | Fortune 0 | Tax 0
Board [6d 7c Ah 5h 3d]
Seat 1: 4d2a9b36 showed [Ac Qc] and won (135,720) with Pair of Aces
Seat 2: bf9765f3 folded before Flop
Seat 3: 665a5ab folded before Flop
Seat 4: a68c54b2 folded before Flop
Seat 5: 517ebcf2 (button) folded on the Flop
Seat 6: bf70ddde (small blind) folded before Flop
Seat 7: e80fa842 (big blind) showed [8c As] and lost with Pair of Aces
Seat 8: Hero folded before Flop


Poker Hand #TM3556829664: Tournament #156786464, Bounty Hunters Mini Big Game $2.50 Hold'em No Limit - Level4(600/1,200) - 2024/08/06 20:08:54
Table '251' 8-max Seat #4 is the button
Seat 1: 4d2a9b36 (100,000 in chips)
Seat 2: bf9765f3 (107,043 in chips)
Seat 3: 665a5ab (94,223 in chips)
Seat 4: a68c54b2 (196,827 in chips)
Seat 5: 517ebcf2 (102,100 in chips)
Seat 6: bf70ddde (179,759 in chips)
Seat 7: e80fa842 (124,548 in chips)
Seat 8: Hero (95,500 in chips)
a68c54b2: posts the ante 180
4d2a9b36: posts the ante 180
bf9765f3: posts the ante 180
665a5ab: posts the ante 180
bf70ddde: posts the ante 180
517ebcf2: posts the ante 180
Hero: posts the ante 180
e80fa842: posts the ante 180
517ebcf2: posts small blind 600
bf70ddde: posts big blind 1,200
*** HOLE CARDS ***
Dealt to 4d2a9b36 
Dealt to bf9765f3 
Dealt to 665a5ab 
Dealt to a68c54b2 
Dealt to 517ebcf2 
Dealt to bf70ddde 
Dealt to e80fa842 
Dealt to Hero [8s 3h]
e80fa842: folds
Hero: folds
4d2a9b36: folds
bf9765f3: folds
665a5ab: folds
a68c54b2: folds
517ebcf2: calls 600
bf70ddde: checks
*** FLOP *** [9c 2s Th]
517ebcf2: bets 1,200
bf70ddde: folds
Uncalled bet (1,200) returned to 517ebcf2
*** SHOWDOWN ***
517ebcf2 collected 3,840 from pot
*** SUMMARY ***
Total pot 3,840 | Rake 0 | Jackpot 0 | Bingo 0 | Fortune 0 | Tax 0
Board [9c 2s Th]
Seat 1: 4d2a9b36 folded before Flop
Seat 2: bf9765f3 folded before Flop
Seat 3: 665a5ab folded before Flop
Seat 4: a68c54b2 (button) folded before Flop
Seat 5: 517ebcf2 (small blind) won (3,840)
Seat 6: bf70ddde (big blind) folded on the Flop
Seat 7: e80fa842 folded before Flop
Seat 8: Hero folded before Flop


Poker Hand #TM3556829616: Tournament #156786464, Bounty Hunters Mini Big Game $2.50 Hold'em No Limit - Level4(600/1,200) - 2024/08/06 20:08:09
Table '251' 8-max Seat #3 is the button
Seat 1: 519904df (71,406 in chips)
Seat 2: bf9765f3 (107,223 in chips)
Seat 3: 665a5ab (94,403 in chips)
Seat 4: a68c54b2 (197,607 in chips)
Seat 5: 517ebcf2 (103,480 in chips)
Seat 6: bf70ddde (105,473 in chips)
Seat 7: e80fa842 (124,728 in chips)
Seat 8: Hero (95,680 in chips)
a68c54b2: posts the ante 180
bf9765f3: posts the ante 180
665a5ab: posts the ante 180
519904df: posts the ante 180
bf70ddde: posts the ante 180
517ebcf2: posts the ante 180
Hero: posts the ante 180
e80fa842: posts the ante 180
a68c54b2: posts small blind 600
517ebcf2: posts big blind 1,200
*** HOLE CARDS ***
Dealt to 519904df 
Dealt to bf9765f3 
Dealt to 665a5ab 
Dealt to a68c54b2 
Dealt to 517ebcf2 
Dealt to bf70ddde 
Dealt to e80fa842 
Dealt to Hero [7h 2s]
bf70ddde: raises 2,400 to 3,600
e80fa842: folds
Hero: folds
519904df: raises 67,626 to 71,226 and is all-in
bf9765f3: folds
665a5ab: folds
a68c54b2: folds
517ebcf2: folds
bf70ddde: calls 67,626
519904df: shows [Ad 5c]
bf70ddde: shows [Ah Qs]
*** FLOP *** [Ks 5s Td]
*** TURN *** [Ks 5s Td] [Ts]
*** RIVER *** [Ks 5s Td Ts] [Qd]
*** SHOWDOWN ***
bf70ddde collected 145,692 from pot
*** SUMMARY ***
Total pot 145,692 | Rake 0 | Jackpot 0 | Bingo 0 | Fortune 0 | Tax 0
Board [Ks 5s Td Ts Qd]
Seat 1: 519904df showed [Ad 5c] and lost with Pair of Tens and Pair of Fives
Seat 2: bf9765f3 folded before Flop
Seat 3: 665a5ab (button) folded before Flop
Seat 4: a68c54b2 (small blind) folded before Flop
Seat 5: 517ebcf2 (big blind) folded before Flop
Seat 6: bf70ddde showed [Ah Qs] and won (145,692) with Pair of Queens and Pair of Tens
Seat 7: e80fa842 folded before Flop
Seat 8: Hero folded before Flop


Poker Hand #TM3556829524: Tournament #156786464, Bounty Hunters Mini Big Game $2.50 Hold'em No Limit - Level3(400/800) - 2024/08/06 20:06:49
Table '251' 8-max Seat #2 is the button
Seat 1: 519904df (89,457 in chips)
Seat 2: bf9765f3 (107,343 in chips)
Seat 3: 665a5ab (99,080 in chips)
Seat 4: a68c54b2 (199,327 in chips)
Seat 5: 517ebcf2 (103,600 in chips)
Seat 6: bf70ddde (105,593 in chips)
Seat 7: e80fa842 (98,200 in chips)
Seat 8: Hero (97,400 in chips)
a68c54b2: posts the ante 120
bf9765f3: posts the ante 120
665a5ab: posts the ante 120
519904df: posts the ante 120
bf70ddde: posts the ante 120
517ebcf2: posts the ante 120
Hero: posts the ante 120
e80fa842: posts the ante 120
665a5ab: posts small blind 400
a68c54b2: posts big blind 800
*** HOLE CARDS ***
Dealt to 519904df 
Dealt to bf9765f3 
Dealt to 665a5ab 
Dealt to a68c54b2 
Dealt to 517ebcf2 
Dealt to bf70ddde 
Dealt to e80fa842 
Dealt to Hero [Jh Kd]
517ebcf2: folds
bf70ddde: folds
e80fa842: raises 800 to 1,600
Hero: calls 1,600
519904df: calls 1,600
bf9765f3: folds
665a5ab: calls 1,200
a68c54b2: calls 800
*** FLOP *** [Qs 7c Ah]
665a5ab: checks
a68c54b2: checks
e80fa842: checks
Hero: checks
519904df: checks
*** TURN *** [Qs 7c Ah] [2s]
665a5ab: checks
a68c54b2: checks
e80fa842: bets 2,957
Hero: folds
519904df: calls 2,957
665a5ab: calls 2,957
a68c54b2: folds
*** RIVER *** [Qs 7c Ah 2s] [As]
665a5ab: checks
e80fa842: bets 13,374
519904df: calls 13,374
665a5ab: folds
e80fa842: shows [6s 7s] (Ace High Flush)
519904df: shows [3s Ac] (Three Aces)
*** SHOWDOWN ***
e80fa842 collected 44,579 from pot
*** SUMMARY ***
Total pot 44,579 | Rake 0 | Jackpot 0 | Bingo 0 | Fortune 0 | Tax 0
Board [Qs 7c Ah 2s As]
Seat 1: 519904df showed [3s Ac] and lost with Three Aces
Seat 2: bf9765f3 (button) folded before Flop
Seat 3: 665a5ab (small blind) folded on the River
Seat 4: a68c54b2 (big blind) folded on the Turn
Seat 5: 517ebcf2 folded before Flop
Seat 6: bf70ddde folded before Flop
Seat 7: e80fa842 showed [6s 7s] and won (44,579) with Ace High Flush
Seat 8: Hero folded on the Turn


Poker Hand #TM3556829457: Tournament #156786464, Bounty Hunters Mini Big Game $2.50 Hold'em No Limit - Level3(400/800) - 2024/08/06 20:05:44
Table '251' 8-max Seat #1 is the button
Seat 1: 519904df (98,320 in chips)
Seat 2: bf9765f3 (96,960 in chips)
Seat 3: 665a5ab (100,000 in chips)
Seat 4: a68c54b2 (199,447 in chips)
Seat 5: 517ebcf2 (103,720 in chips)
Seat 6: bf70ddde (105,713 in chips)
Seat 7: e80fa842 (98,320 in chips)
Seat 8: Hero (97,520 in chips)
a68c54b2: posts the ante 120
bf9765f3: posts the ante 120
665a5ab: posts the ante 120
519904df: posts the ante 120
bf70ddde: posts the ante 120
517ebcf2: posts the ante 120
Hero: posts the ante 120
e80fa842: posts the ante 120
bf9765f3: posts small blind 400
665a5ab: posts big blind 800
*** HOLE CARDS ***
Dealt to 519904df 
Dealt to bf9765f3 
Dealt to 665a5ab 
Dealt to a68c54b2 
Dealt to 517ebcf2 
Dealt to bf70ddde 
Dealt to e80fa842 
Dealt to Hero [7c Qh]
a68c54b2: folds
517ebcf2: folds
bf70ddde: folds
e80fa842: folds
Hero: folds
519904df: raises 800 to 1,600
bf9765f3: raises 7,143 to 8,743
665a5ab: folds
519904df: calls 7,143
*** FLOP *** [Ts Js 9s]
bf9765f3: bets 9,623
519904df: folds
Uncalled bet (9,623) returned to bf9765f3
*** SHOWDOWN ***
bf9765f3 collected 19,246 from pot
*** SUMMARY ***
Total pot 19,246 | Rake 0 | Jackpot 0 | Bingo 0 | Fortune 0 | Tax 0
Board [Ts Js 9s]
Seat 1: 519904df (button) folded on the Flop
Seat 2: bf9765f3 (small blind) won (19,246)
Seat 3: 665a5ab (big blind) folded before Flop
Seat 4: a68c54b2 folded before Flop
Seat 5: 517ebcf2 folded before Flop
Seat 6: bf70ddde folded before Flop
Seat 7: e80fa842 folded before Flop
Seat 8: Hero folded before Flop


Poker Hand #TM3556829433: Tournament #156786464, Bounty Hunters Mini Big Game $2.50 Hold'em No Limit - Level3(400/800) - 2024/08/06 20:05:20
Table '251' 8-max Seat #8 is the button
Seat 1: 519904df (98,840 in chips)
Seat 2: bf9765f3 (97,880 in chips)
Seat 4: a68c54b2 (199,567 in chips)
Seat 5: 517ebcf2 (101,800 in chips)
Seat 6: bf70ddde (105,833 in chips)
Seat 7: e80fa842 (98,440 in chips)
Seat 8: Hero (97,640 in chips)
a68c54b2: posts the ante 120
bf9765f3: posts the ante 120
519904df: posts the ante 120
bf70ddde: posts the ante 120
517ebcf2: posts the ante 120
Hero: posts the ante 120
e80fa842: posts the ante 120
519904df: posts small blind 400
bf9765f3: posts big blind 800
*** HOLE CARDS ***
Dealt to 519904df 
Dealt to bf9765f3 
Dealt to a68c54b2 
Dealt to 517ebcf2 
Dealt to bf70ddde 
Dealt to e80fa842 
Dealt to Hero [8d 3s]
a68c54b2: folds
517ebcf2: raises 2,400 to 3,200
bf70ddde: folds
e80fa842: folds
Hero: folds
519904df: folds
bf9765f3: folds
Uncalled bet (2,400) returned to 517ebcf2
*** SHOWDOWN ***
517ebcf2 collected 2,840 from pot
*** SUMMARY ***
Total pot 2,840 | Rake 0 | Jackpot 0 | Bingo 0 | Fortune 0 | Tax 0
Seat 1: 519904df (small blind) folded before Flop
Seat 2: bf9765f3 (big blind) folded before Flop
Seat 4: a68c54b2 folded before Flop
Seat 5: 517ebcf2 collected (2,840)
Seat 6: bf70ddde folded before Flop
Seat 7: e80fa842 folded before Flop
Seat 8: Hero (button) folded before Flop


Poker Hand #TM3556829351: Tournament #156786464, Bounty Hunters Mini Big Game $2.50 Hold'em No Limit - Level3(400/800) - 2024/08/06 20:04:10
Table '251' 8-max Seat #7 is the button
Seat 1: 519904df (99,760 in chips)
Seat 2: bf9765f3 (99,760 in chips)
Seat 3: 3f850508 (96,127 in chips)
Seat 4: a68c54b2 (99,760 in chips)
Seat 5: 517ebcf2 (101,920 in chips)
Seat 6: bf70ddde (105,953 in chips)
Seat 7: e80fa842 (98,560 in chips)
Seat 8: Hero (98,160 in chips)
a68c54b2: posts the ante 120
3f850508: posts the ante 120
bf9765f3: posts the ante 120
519904df: posts the ante 120
bf70ddde: posts the ante 120
517ebcf2: posts the ante 120
Hero: posts the ante 120
e80fa842: posts the ante 120
Hero: posts small blind 400
519904df: posts big blind 800
*** HOLE CARDS ***
Dealt to 519904df 
Dealt to bf9765f3 
Dealt to 3f850508 
Dealt to a68c54b2 
Dealt to 517ebcf2 
Dealt to bf70ddde 
Dealt to e80fa842 
Dealt to Hero [Qh 9d]
bf9765f3: raises 960 to 1,760
3f850508: raises 5,680 to 7,440
a68c54b2: raises 18,800 to 26,240
517ebcf2: folds
bf70ddde: folds
e80fa842: folds
Hero: folds
519904df: folds
bf9765f3: folds
3f850508: raises 69,767 to 96,007 and is all-in
a68c54b2: calls 69,767
3f850508: shows [As Kc]
a68c54b2: shows [Js Jh]
*** FLOP *** [Ad 2c 7s]
*** TURN *** [Ad 2c 7s] [4h]
*** RIVER *** [Ad 2c 7s 4h] [Jd]
*** SHOWDOWN ***
a68c54b2 collected 195,934 from pot
*** SUMMARY ***
Total pot 195,934 | Rake 0 | Jackpot 0 | Bingo 0 | Fortune 0 | Tax 0
Board [Ad 2c 7s 4h Jd]
Seat 1: 519904df (big blind) folded before Flop
Seat 2: bf9765f3 folded before Flop
Seat 3: 3f850508 showed [As Kc] and lost with Pair of Aces
Seat 4: a68c54b2 showed [Js Jh] and won (195,934) with Three Jacks
Seat 5: 517ebcf2 folded before Flop
Seat 6: bf70ddde folded before Flop
Seat 7: e80fa842 (button) folded before Flop
Seat 8: Hero (small blind) folded before Flop


Poker Hand #TM3556829306: Tournament #156786464, Bounty Hunters Mini Big Game $2.50 Hold'em No Limit - Level3(400/800) - 2024/08/06 20:03:13
Table '251' 8-max Seat #6 is the button
Seat 1: 519904df (99,880 in chips)
Seat 2: bf9765f3 (99,880 in chips)
Seat 3: 3f850508 (99,880 in chips)
Seat 4: a68c54b2 (99,880 in chips)
Seat 5: 517ebcf2 (102,040 in chips)
Seat 6: bf70ddde (99,480 in chips)
Seat 7: e80fa842 (99,080 in chips)
Seat 8: Hero (99,880 in chips)
a68c54b2: posts the ante 120
3f850508: posts the ante 120
bf9765f3: posts the ante 120
519904df: posts the ante 120
bf70ddde: posts the ante 120
517ebcf2: posts the ante 120
Hero: posts the ante 120
e80fa842: posts the ante 120
e80fa842: posts small blind 400
Hero: posts big blind 800
*** HOLE CARDS ***
Dealt to 519904df 
Dealt to bf9765f3 
Dealt to 3f850508 
Dealt to a68c54b2 
Dealt to 517ebcf2 
Dealt to bf70ddde 
Dealt to e80fa842 
Dealt to Hero [4s Qh]
519904df: folds
bf9765f3: folds
3f850508: raises 800 to 1,600
a68c54b2: folds
517ebcf2: folds
bf70ddde: calls 1,600
e80fa842: folds
Hero: calls 800
*** FLOP *** [Th Ad 6c]
Hero: checks
3f850508: bets 2,033
bf70ddde: calls 2,033
Hero: folds
*** TURN *** [Th Ad 6c] [6h]
3f850508: checks
bf70ddde: checks
*** RIVER *** [Th Ad 6c 6h] [5s]
3f850508: checks
bf70ddde: checks
3f850508: shows [7h 8d] (Pair of Sixes)
bf70ddde: shows [7s Ts] (Pair of Tens and Pair of Sixes)
*** SHOWDOWN ***
bf70ddde collected 10,226 from pot
*** SUMMARY ***
Total pot 10,226 | Rake 0 | Jackpot 0 | Bingo 0 | Fortune 0 | Tax 0
Board [Th Ad 6c 6h 5s]
Seat 1: 519904df folded before Flop
Seat 2: bf9765f3 folded before Flop
Seat 3: 3f850508 showed [7h 8d] and lost with Pair of Sixes
Seat 4: a68c54b2 folded before Flop
Seat 5: 517ebcf2 folded before Flop
Seat 6: bf70ddde (button) showed [7s Ts] and won (10,226) with Pair of Tens and Pair of Sixes
Seat 7: e80fa842 (small blind) folded before Flop
Seat 8: Hero (big blind) folded on the Flop


Poker Hand #TM3556829276: Tournament #156786464, Bounty Hunters Mini Big Game $2.50 Hold'em No Limit - Level3(400/800) - 2024/08/06 20:02:43
Table '251' 8-max Seat #5 is the button
Seat 1: 519904df (100,000 in chips)
Seat 2: bf9765f3 (100,000 in chips)
Seat 3: 3f850508 (100,000 in chips)
Seat 4: a68c54b2 (100,000 in chips)
Seat 5: 517ebcf2 (100,000 in chips)
Seat 6: bf70ddde (100,000 in chips)
Seat 7: e80fa842 (100,000 in chips)
Seat 8: Hero (100,000 in chips)
a68c54b2: posts the ante 120
3f850508: posts the ante 120
bf9765f3: posts the ante 120
519904df: posts the ante 120
bf70ddde: posts the ante 120
517ebcf2: posts the ante 120
Hero: posts the ante 120
e80fa842: posts the ante 120
bf70ddde: posts small blind 400
e80fa842: posts big blind 800
*** HOLE CARDS ***
Dealt to 519904df 
Dealt to bf9765f3 
Dealt to 3f850508 
Dealt to a68c54b2 
Dealt to 517ebcf2 
Dealt to bf70ddde 
Dealt to e80fa842 
Dealt to Hero [Jc 7c]
Hero: folds
519904df: folds
bf9765f3: folds
3f850508: folds
a68c54b2: folds
517ebcf2: raises 800 to 1,600
bf70ddde: folds
e80fa842: folds
Uncalled bet (800) returned to 517ebcf2
*** SHOWDOWN ***
517ebcf2 collected 2,960 from pot
*** SUMMARY ***
Total pot 2,960 | Rake 0 | Jackpot 0 | Bingo 0 | Fortune 0 | Tax 0
Seat 1: 519904df folded before Flop
Seat 2: bf9765f3 folded before Flop
Seat 3: 3f850508 folded before Flop
Seat 4: a68c54b2 folded before Flop
Seat 5: 517ebcf2 (button) collected (2,960)
Seat 6: bf70ddde (small blind) folded before Flop
Seat 7: e80fa842 (big blind) folded before Flop
Seat 8: Hero folded before Flop


