Poker Hand #TM3559851324: Tournament #156953735, Bounty Hunters Mini Big Game $2.50 Hold'em No Limit - Level11(3,000/6,000) - 2024/08/07 21:33:52
Table '257' 8-max Seat #2 is the button
Seat 1: e5809ddd (305,693 in chips)
Seat 2: fd3daa6e (567,644 in chips)
Seat 3: Hero (125,590 in chips)
Seat 4: f34505e7 (263,000 in chips)
Seat 5: 2180be28 (230,900 in chips)
Seat 6: f926638b (355,820 in chips)
Seat 7: 7f542d6c (381,910 in chips)
Seat 8: 4ab8dc5d (100,000 in chips)
2180be28: posts the ante 900
f926638b: posts the ante 900
e5809ddd: posts the ante 900
7f542d6c: posts the ante 900
fd3daa6e: posts the ante 900
4ab8dc5d: posts the ante 900
f34505e7: posts the ante 900
Hero: posts the ante 900
Hero: posts small blind 3,000
f34505e7: posts big blind 6,000
*** HOLE CARDS ***
Dealt to e5809ddd 
Dealt to fd3daa6e 
Dealt to Hero [9c Kh]
Dealt to f34505e7 
Dealt to 2180be28 
Dealt to f926638b 
Dealt to 7f542d6c 
Dealt to 4ab8dc5d 
2180be28: folds
f926638b: raises 6,000 to 12,000
7f542d6c: folds
4ab8dc5d: folds
e5809ddd: folds
fd3daa6e: folds
Hero: calls 9,000
f34505e7: calls 6,000
*** FLOP *** [7h 6d 5h]
Hero: checks
f34505e7: checks
f926638b: checks
*** TURN *** [7h 6d 5h] [Kc]
Hero: bets 21,600
f34505e7: calls 21,600
f926638b: folds
*** RIVER *** [7h 6d 5h Kc] [Js]
Hero: checks
f34505e7: bets 114,000
Hero: calls 91,090 and is all-in
Uncalled bet (22,910) returned to f34505e7
f34505e7: shows [7d 6c] (Pair of Sevens and Pair of Sixes)
Hero: shows [9c Kh] (Pair of Kings)
*** SHOWDOWN ***
f34505e7 collected 268,580 from pot
*** SUMMARY ***
Total pot 268,580 | Rake 0 | Jackpot 0 | Bingo 0 | Fortune 0 | Tax 0
Board [7h 6d 5h Kc Js]
Seat 1: e5809ddd folded before Flop
Seat 2: fd3daa6e (button) folded before Flop
Seat 3: Hero (small blind) showed [9c Kh] and lost with Pair of Kings
Seat 4: f34505e7 (big blind) showed [7d 6c] and won (268,580) with Pair of Sevens and Pair of Sixes
Seat 5: 2180be28 folded before Flop
Seat 6: f926638b folded on the Turn
Seat 7: 7f542d6c folded before Flop
Seat 8: 4ab8dc5d folded before Flop


Poker Hand #TM3559851246: Tournament #156953735, Bounty Hunters Mini Big Game $2.50 Hold'em No Limit - Level11(3,000/6,000) - 2024/08/07 21:33:06
Table '257' 8-max Seat #1 is the button
Seat 1: e5809ddd (306,593 in chips)
Seat 2: fd3daa6e (571,544 in chips)
Seat 3: Hero (132,490 in chips)
Seat 4: f34505e7 (263,900 in chips)
Seat 5: 2180be28 (231,800 in chips)
Seat 6: f926638b (356,720 in chips)
Seat 7: 7f542d6c (367,510 in chips)
2180be28: posts the ante 900
f926638b: posts the ante 900
e5809ddd: posts the ante 900
7f542d6c: posts the ante 900
fd3daa6e: posts the ante 900
f34505e7: posts the ante 900
Hero: posts the ante 900
fd3daa6e: posts small blind 3,000
Hero: posts big blind 6,000
*** HOLE CARDS ***
Dealt to e5809ddd 
Dealt to fd3daa6e 
Dealt to Hero [2d Qh]
Dealt to f34505e7 
Dealt to 2180be28 
Dealt to f926638b 
Dealt to 7f542d6c 
f34505e7: folds
2180be28: folds
f926638b: folds
7f542d6c: raises 6,000 to 12,000
e5809ddd: folds
fd3daa6e: folds
Hero: folds
Uncalled bet (6,000) returned to 7f542d6c
*** SHOWDOWN ***
7f542d6c collected 21,300 from pot
*** SUMMARY ***
Total pot 21,300 | Rake 0 | Jackpot 0 | Bingo 0 | Fortune 0 | Tax 0
Seat 1: e5809ddd (button) folded before Flop
Seat 2: fd3daa6e (small blind) folded before Flop
Seat 3: Hero (big blind) folded before Flop
Seat 4: f34505e7 folded before Flop
Seat 5: 2180be28 folded before Flop
Seat 6: f926638b folded before Flop
Seat 7: 7f542d6c collected (21,300)


Poker Hand #TM3559851123: Tournament #156953735, Bounty Hunters Mini Big Game $2.50 Hold'em No Limit - Level11(3,000/6,000) - 2024/08/07 21:31:45
Table '257' 8-max Seat #8 is the button
Seat 1: e5809ddd (310,493 in chips)
Seat 2: fd3daa6e (374,176 in chips)
Seat 3: Hero (133,390 in chips)
Seat 4: f34505e7 (264,800 in chips)
Seat 5: 2180be28 (232,700 in chips)
Seat 6: f926638b (357,620 in chips)
Seat 7: 7f542d6c (380,410 in chips)
Seat 8: 3f751185 (176,968 in chips)
2180be28: posts the ante 900
f926638b: posts the ante 900
3f751185: posts the ante 900
7f542d6c: posts the ante 900
e5809ddd: posts the ante 900
fd3daa6e: posts the ante 900
f34505e7: posts the ante 900
Hero: posts the ante 900
e5809ddd: posts small blind 3,000
fd3daa6e: posts big blind 6,000
*** HOLE CARDS ***
Dealt to e5809ddd 
Dealt to fd3daa6e 
Dealt to Hero [Ah 2d]
Dealt to f34505e7 
Dealt to 2180be28 
Dealt to f926638b 
Dealt to 7f542d6c 
Dealt to 3f751185 
Hero: folds
f34505e7: folds
2180be28: folds
f926638b: folds
7f542d6c: raises 6,000 to 12,000
3f751185: calls 12,000
e5809ddd: folds
fd3daa6e: calls 6,000
*** FLOP *** [Qc 2s 9c]
fd3daa6e: bets 34,650
7f542d6c: folds
3f751185: calls 34,650
*** TURN *** [Qc 2s 9c] [As]
fd3daa6e: bets 38,115
3f751185: calls 38,115
*** RIVER *** [Qc 2s 9c As] [Kc]
fd3daa6e: checks
3f751185: bets 91,303 and is all-in
fd3daa6e: calls 91,303
3f751185: shows [7s 9s] (Pair of Nines)
fd3daa6e: shows [Td Jh] (Aces-High Straight)
*** SHOWDOWN ***
fd3daa6e collected 374,336 from pot
*** SUMMARY ***
Total pot 374,336 | Rake 0 | Jackpot 0 | Bingo 0 | Fortune 0 | Tax 0
Board [Qc 2s 9c As Kc]
Seat 1: e5809ddd (small blind) folded before Flop
Seat 2: fd3daa6e (big blind) showed [Td Jh] and won (374,336) with Aces-High Straight
Seat 3: Hero folded before Flop
Seat 4: f34505e7 folded before Flop
Seat 5: 2180be28 folded before Flop
Seat 6: f926638b folded before Flop
Seat 7: 7f542d6c folded on the Flop
Seat 8: 3f751185 (button) showed [7s 9s] and lost with Pair of Nines


Poker Hand #TM3559851024: Tournament #156953735, Bounty Hunters Mini Big Game $2.50 Hold'em No Limit - Level11(3,000/6,000) - 2024/08/07 21:30:34
Table '257' 8-max Seat #7 is the button
Seat 1: e5809ddd (317,393 in chips)
Seat 2: fd3daa6e (429,076 in chips)
Seat 3: Hero (134,290 in chips)
Seat 4: f34505e7 (98,200 in chips)
Seat 5: 2180be28 (233,600 in chips)
Seat 6: f926638b (358,520 in chips)
Seat 7: 7f542d6c (478,610 in chips)
Seat 8: 3f751185 (180,868 in chips)
2180be28: posts the ante 900
f926638b: posts the ante 900
3f751185: posts the ante 900
7f542d6c: posts the ante 900
e5809ddd: posts the ante 900
fd3daa6e: posts the ante 900
f34505e7: posts the ante 900
Hero: posts the ante 900
3f751185: posts small blind 3,000
e5809ddd: posts big blind 6,000
*** HOLE CARDS ***
Dealt to e5809ddd 
Dealt to fd3daa6e 
Dealt to Hero [3h Js]
Dealt to f34505e7 
Dealt to 2180be28 
Dealt to f926638b 
Dealt to 7f542d6c 
Dealt to 3f751185 
fd3daa6e: calls 6,000
Hero: folds
f34505e7: raises 6,000 to 12,000
2180be28: folds
f926638b: folds
7f542d6c: raises 42,000 to 54,000
3f751185: folds
e5809ddd: folds
fd3daa6e: calls 48,000
f34505e7: calls 42,000
*** FLOP *** [9h Kc Jh]
fd3daa6e: checks
f34505e7: bets 43,300 and is all-in
7f542d6c: calls 43,300
fd3daa6e: folds
f34505e7: shows [Jc Qd] (Pair of Jacks)
7f542d6c: shows [Ad Qs] (Ace-High)
*** TURN *** [9h Kc Jh] [4c]
*** RIVER *** [9h Kc Jh 4c] [2c]
*** SHOWDOWN ***
f34505e7 collected 264,800 from pot
*** SUMMARY ***
Total pot 264,800 | Rake 0 | Jackpot 0 | Bingo 0 | Fortune 0 | Tax 0
Board [9h Kc Jh 4c 2c]
Seat 1: e5809ddd (big blind) folded before Flop
Seat 2: fd3daa6e folded on the Flop
Seat 3: Hero folded before Flop
Seat 4: f34505e7 showed [Jc Qd] and won (264,800) with Pair of Jacks
Seat 5: 2180be28 folded before Flop
Seat 6: f926638b folded before Flop
Seat 7: 7f542d6c (button) showed [Ad Qs] and lost with Ace-High
Seat 8: 3f751185 (small blind) folded before Flop


Poker Hand #TM3559850934: Tournament #156953735, Bounty Hunters Mini Big Game $2.50 Hold'em No Limit - Level11(3,000/6,000) - 2024/08/07 21:29:40
Table '257' 8-max Seat #6 is the button
Seat 1: e5809ddd (318,293 in chips)
Seat 2: fd3daa6e (538,676 in chips)
Seat 3: Hero (135,190 in chips)
Seat 4: f34505e7 (99,100 in chips)
Seat 5: 2180be28 (109,600 in chips)
Seat 6: f926638b (359,420 in chips)
Seat 7: 7f542d6c (482,510 in chips)
Seat 8: 3f751185 (187,768 in chips)
2180be28: posts the ante 900
f926638b: posts the ante 900
3f751185: posts the ante 900
e5809ddd: posts the ante 900
7f542d6c: posts the ante 900
fd3daa6e: posts the ante 900
f34505e7: posts the ante 900
Hero: posts the ante 900
7f542d6c: posts small blind 3,000
3f751185: posts big blind 6,000
*** HOLE CARDS ***
Dealt to e5809ddd 
Dealt to fd3daa6e 
Dealt to Hero [Ah 5d]
Dealt to f34505e7 
Dealt to 2180be28 
Dealt to f926638b 
Dealt to 7f542d6c 
Dealt to 3f751185 
e5809ddd: folds
fd3daa6e: raises 6,000 to 12,000
Hero: folds
f34505e7: folds
2180be28: raises 96,700 to 108,700 and is all-in
f926638b: folds
7f542d6c: folds
3f751185: folds
fd3daa6e: calls 96,700
2180be28: shows [8c 8h]
fd3daa6e: shows [Qd Qc]
*** FLOP *** [9d 7c 5s]
*** TURN *** [9d 7c 5s] [8d]
*** RIVER *** [9d 7c 5s 8d] [3c]
*** SHOWDOWN ***
2180be28 collected 233,600 from pot
*** SUMMARY ***
Total pot 233,600 | Rake 0 | Jackpot 0 | Bingo 0 | Fortune 0 | Tax 0
Board [9d 7c 5s 8d 3c]
Seat 1: e5809ddd folded before Flop
Seat 2: fd3daa6e showed [Qd Qc] and lost with Pair of Queens
Seat 3: Hero folded before Flop
Seat 4: f34505e7 folded before Flop
Seat 5: 2180be28 showed [8c 8h] and won (233,600) with Three Eights
Seat 6: f926638b (button) folded before Flop
Seat 7: 7f542d6c (small blind) folded before Flop
Seat 8: 3f751185 (big blind) folded before Flop


Poker Hand #TM3559850905: Tournament #156953735, Bounty Hunters Mini Big Game $2.50 Hold'em No Limit - Level11(3,000/6,000) - 2024/08/07 21:29:15
Table '257' 8-max Seat #5 is the button
Seat 1: e5809ddd (319,193 in chips)
Seat 2: fd3daa6e (539,576 in chips)
Seat 3: Hero (136,090 in chips)
Seat 4: f34505e7 (100,000 in chips)
Seat 5: 2180be28 (110,500 in chips)
Seat 6: f926638b (363,320 in chips)
Seat 7: 7f542d6c (473,210 in chips)
Seat 8: 3f751185 (188,668 in chips)
2180be28: posts the ante 900
f926638b: posts the ante 900
3f751185: posts the ante 900
e5809ddd: posts the ante 900
7f542d6c: posts the ante 900
fd3daa6e: posts the ante 900
f34505e7: posts the ante 900
Hero: posts the ante 900
f926638b: posts small blind 3,000
7f542d6c: posts big blind 6,000
*** HOLE CARDS ***
Dealt to e5809ddd 
Dealt to fd3daa6e 
Dealt to Hero [5d Kd]
Dealt to f34505e7 
Dealt to 2180be28 
Dealt to f926638b 
Dealt to 7f542d6c 
Dealt to 3f751185 
3f751185: folds
e5809ddd: folds
fd3daa6e: folds
Hero: folds
f34505e7: folds
2180be28: folds
f926638b: folds
Uncalled bet (3,000) returned to 7f542d6c
*** SHOWDOWN ***
7f542d6c collected 13,200 from pot
*** SUMMARY ***
Total pot 13,200 | Rake 0 | Jackpot 0 | Bingo 0 | Fortune 0 | Tax 0
Seat 1: e5809ddd folded before Flop
Seat 2: fd3daa6e folded before Flop
Seat 3: Hero folded before Flop
Seat 4: f34505e7 folded before Flop
Seat 5: 2180be28 (button) folded before Flop
Seat 6: f926638b (small blind) folded before Flop
Seat 7: 7f542d6c (big blind) collected (13,200)
Seat 8: 3f751185 folded before Flop


Poker Hand #TM3559850842: Tournament #156953735, Bounty Hunters Mini Big Game $2.50 Hold'em No Limit - Level11(3,000/6,000) - 2024/08/07 21:28:28
Table '257' 8-max Seat #3 is the button
Seat 1: e5809ddd (320,093 in chips)
Seat 2: fd3daa6e (540,476 in chips)
Seat 3: Hero (136,990 in chips)
Seat 5: 2180be28 (99,100 in chips)
Seat 6: f926638b (370,220 in chips)
Seat 7: 7f542d6c (474,110 in chips)
Seat 8: 3f751185 (189,568 in chips)
2180be28: posts the ante 900
f926638b: posts the ante 900
3f751185: posts the ante 900
e5809ddd: posts the ante 900
7f542d6c: posts the ante 900
fd3daa6e: posts the ante 900
Hero: posts the ante 900
2180be28: posts small blind 3,000
f926638b: posts big blind 6,000
*** HOLE CARDS ***
Dealt to e5809ddd 
Dealt to fd3daa6e 
Dealt to Hero [5c 2s]
Dealt to 2180be28 
Dealt to f926638b 
Dealt to 7f542d6c 
Dealt to 3f751185 
7f542d6c: folds
3f751185: folds
e5809ddd: folds
fd3daa6e: folds
Hero: folds
2180be28: calls 3,000
f926638b: checks
*** FLOP *** [8h Js Ad]
2180be28: bets 13,725
f926638b: folds
Uncalled bet (13,725) returned to 2180be28
*** SHOWDOWN ***
2180be28 collected 18,300 from pot
*** SUMMARY ***
Total pot 18,300 | Rake 0 | Jackpot 0 | Bingo 0 | Fortune 0 | Tax 0
Board [8h Js Ad]
Seat 1: e5809ddd folded before Flop
Seat 2: fd3daa6e folded before Flop
Seat 3: Hero (button) folded before Flop
Seat 5: 2180be28 (small blind) won (18,300)
Seat 6: f926638b (big blind) folded on the Flop
Seat 7: 7f542d6c folded before Flop
Seat 8: 3f751185 folded before Flop


Poker Hand #TM3559850757: Tournament #156953735, Bounty Hunters Mini Big Game $2.50 Hold'em No Limit - Level11(3,000/6,000) - 2024/08/07 21:27:23
Table '257' 8-max Seat #2 is the button
Seat 1: e5809ddd (320,993 in chips)
Seat 2: fd3daa6e (388,526 in chips)
Seat 3: Hero (140,890 in chips)
Seat 4: ca543d12 (143,550 in chips)
Seat 5: 2180be28 (100,000 in chips)
Seat 6: f926638b (371,120 in chips)
Seat 7: 7f542d6c (475,010 in chips)
Seat 8: 3f751185 (190,468 in chips)
2180be28: posts the ante 900
f926638b: posts the ante 900
3f751185: posts the ante 900
e5809ddd: posts the ante 900
7f542d6c: posts the ante 900
fd3daa6e: posts the ante 900
ca543d12: posts the ante 900
Hero: posts the ante 900
Hero: posts small blind 3,000
ca543d12: posts big blind 6,000
*** HOLE CARDS ***
Dealt to e5809ddd 
Dealt to fd3daa6e 
Dealt to Hero [3h 9c]
Dealt to ca543d12 
Dealt to 2180be28 
Dealt to f926638b 
Dealt to 7f542d6c 
Dealt to 3f751185 
2180be28: folds
f926638b: folds
7f542d6c: folds
3f751185: folds
e5809ddd: folds
fd3daa6e: raises 6,000 to 12,000
Hero: folds
ca543d12: calls 6,000
*** FLOP *** [7h Jd 5c]
ca543d12: checks
fd3daa6e: bets 17,100
ca543d12: raises 68,400 to 85,500
fd3daa6e: raises 68,400 to 153,900
ca543d12: calls 45,150 and is all-in
Uncalled bet (23,250) returned to fd3daa6e
fd3daa6e: shows [Ad As] (Pair of Aces)
ca543d12: shows [Js 2s] (Pair of Jacks)
*** TURN *** [7h Jd 5c] [6h]
*** RIVER *** [7h Jd 5c 6h] [Ks]
*** SHOWDOWN ***
fd3daa6e collected 295,500 from pot
*** SUMMARY ***
Total pot 295,500 | Rake 0 | Jackpot 0 | Bingo 0 | Fortune 0 | Tax 0
Board [7h Jd 5c 6h Ks]
Seat 1: e5809ddd folded before Flop
Seat 2: fd3daa6e (button) showed [Ad As] and won (295,500) with Pair of Aces
Seat 3: Hero (small blind) folded before Flop
Seat 4: ca543d12 (big blind) showed [Js 2s] and lost with Pair of Jacks
Seat 5: 2180be28 folded before Flop
Seat 6: f926638b folded before Flop
Seat 7: 7f542d6c folded before Flop
Seat 8: 3f751185 folded before Flop


Poker Hand #TM3559850696: Tournament #156953735, Bounty Hunters Mini Big Game $2.50 Hold'em No Limit - Level11(3,000/6,000) - 2024/08/07 21:26:41
Table '257' 8-max Seat #1 is the button
Seat 1: e5809ddd (321,893 in chips)
Seat 2: fd3daa6e (401,426 in chips)
Seat 3: Hero (153,790 in chips)
Seat 4: ca543d12 (114,150 in chips)
Seat 6: f926638b (372,020 in chips)
Seat 7: 7f542d6c (475,910 in chips)
Seat 8: 3f751185 (191,368 in chips)
f926638b: posts the ante 900
3f751185: posts the ante 900
e5809ddd: posts the ante 900
7f542d6c: posts the ante 900
fd3daa6e: posts the ante 900
ca543d12: posts the ante 900
Hero: posts the ante 900
fd3daa6e: posts small blind 3,000
Hero: posts big blind 6,000
*** HOLE CARDS ***
Dealt to e5809ddd 
Dealt to fd3daa6e 
Dealt to Hero [2s 7s]
Dealt to ca543d12 
Dealt to f926638b 
Dealt to 7f542d6c 
Dealt to 3f751185 
ca543d12: raises 6,000 to 12,000
f926638b: folds
7f542d6c: folds
3f751185: folds
e5809ddd: folds
fd3daa6e: calls 9,000
Hero: calls 6,000
*** FLOP *** [3s 3d 8d]
fd3daa6e: checks
Hero: checks
ca543d12: bets 13,959
fd3daa6e: folds
Hero: folds
Uncalled bet (13,959) returned to ca543d12
*** SHOWDOWN ***
ca543d12 collected 42,300 from pot
*** SUMMARY ***
Total pot 42,300 | Rake 0 | Jackpot 0 | Bingo 0 | Fortune 0 | Tax 0
Board [3s 3d 8d]
Seat 1: e5809ddd (button) folded before Flop
Seat 2: fd3daa6e (small blind) folded on the Flop
Seat 3: Hero (big blind) folded on the Flop
Seat 4: ca543d12 won (42,300)
Seat 6: f926638b folded before Flop
Seat 7: 7f542d6c folded before Flop
Seat 8: 3f751185 folded before Flop


Poker Hand #TM3559850605: Tournament #156953735, Bounty Hunters Mini Big Game $2.50 Hold'em No Limit - Level10(2,500/5,000) - 2024/08/07 21:25:31
Table '257' 8-max Seat #8 is the button
Seat 1: e5809ddd (325,143 in chips)
Seat 2: fd3daa6e (291,858 in chips)
Seat 3: Hero (154,540 in chips)
Seat 4: ca543d12 (114,900 in chips)
Seat 5: 20a0de12 (102,568 in chips)
Seat 6: f926638b (372,770 in chips)
Seat 7: 7f542d6c (476,660 in chips)
Seat 8: 3f751185 (192,118 in chips)
f926638b: posts the ante 750
3f751185: posts the ante 750
7f542d6c: posts the ante 750
e5809ddd: posts the ante 750
fd3daa6e: posts the ante 750
ca543d12: posts the ante 750
20a0de12: posts the ante 750
Hero: posts the ante 750
e5809ddd: posts small blind 2,500
fd3daa6e: posts big blind 5,000
*** HOLE CARDS ***
Dealt to e5809ddd 
Dealt to fd3daa6e 
Dealt to Hero [7h 3s]
Dealt to ca543d12 
Dealt to 20a0de12 
Dealt to f926638b 
Dealt to 7f542d6c 
Dealt to 3f751185 
Hero: folds
ca543d12: folds
20a0de12: raises 18,500 to 23,500
f926638b: folds
7f542d6c: folds
3f751185: folds
e5809ddd: folds
fd3daa6e: calls 18,500
*** FLOP *** [6d 6c Js]
fd3daa6e: checks
20a0de12: bets 18,315
fd3daa6e: calls 18,315
*** TURN *** [6d 6c Js] [9d]
fd3daa6e: checks
20a0de12: bets 60,003 and is all-in
fd3daa6e: calls 60,003
20a0de12: shows [8s 8c] (Pair of Eights and Pair of Sixes)
fd3daa6e: shows [As 6s] (Three Sixes)
*** RIVER *** [6d 6c Js 9d] [Qs]
*** SHOWDOWN ***
fd3daa6e collected 212,136 from pot
*** SUMMARY ***
Total pot 212,136 | Rake 0 | Jackpot 0 | Bingo 0 | Fortune 0 | Tax 0
Board [6d 6c Js 9d Qs]
Seat 1: e5809ddd (small blind) folded before Flop
Seat 2: fd3daa6e (big blind) showed [As 6s] and won (212,136) with Three Sixes
Seat 3: Hero folded before Flop
Seat 4: ca543d12 folded before Flop
Seat 5: 20a0de12 showed [8s 8c] and lost with Pair of Eights and Pair of Sixes
Seat 6: f926638b folded before Flop
Seat 7: 7f542d6c folded before Flop
Seat 8: 3f751185 (button) folded before Flop


Poker Hand #TM3559850533: Tournament #156953735, Bounty Hunters Mini Big Game $2.50 Hold'em No Limit - Level10(2,500/5,000) - 2024/08/07 21:24:39
Table '257' 8-max Seat #7 is the button
Seat 1: e5809ddd (330,893 in chips)
Seat 2: fd3daa6e (302,608 in chips)
Seat 3: Hero (155,290 in chips)
Seat 4: ca543d12 (115,650 in chips)
Seat 5: 20a0de12 (103,318 in chips)
Seat 6: f926638b (373,520 in chips)
Seat 7: 7f542d6c (453,910 in chips)
Seat 8: 3f751185 (195,368 in chips)
f926638b: posts the ante 750
3f751185: posts the ante 750
7f542d6c: posts the ante 750
e5809ddd: posts the ante 750
fd3daa6e: posts the ante 750
ca543d12: posts the ante 750
20a0de12: posts the ante 750
Hero: posts the ante 750
3f751185: posts small blind 2,500
e5809ddd: posts big blind 5,000
*** HOLE CARDS ***
Dealt to e5809ddd 
Dealt to fd3daa6e 
Dealt to Hero [8h Ts]
Dealt to ca543d12 
Dealt to 20a0de12 
Dealt to f926638b 
Dealt to 7f542d6c 
Dealt to 3f751185 
fd3daa6e: calls 5,000
Hero: folds
ca543d12: folds
20a0de12: folds
f926638b: folds
7f542d6c: raises 5,000 to 10,000
3f751185: folds
e5809ddd: folds
fd3daa6e: calls 5,000
*** FLOP *** [Kc 6h Th]
fd3daa6e: checks
7f542d6c: bets 22,500
fd3daa6e: folds
Uncalled bet (22,500) returned to 7f542d6c
*** SHOWDOWN ***
7f542d6c collected 33,500 from pot
*** SUMMARY ***
Total pot 33,500 | Rake 0 | Jackpot 0 | Bingo 0 | Fortune 0 | Tax 0
Board [Kc 6h Th]
Seat 1: e5809ddd (big blind) folded before Flop
Seat 2: fd3daa6e folded on the Flop
Seat 3: Hero folded before Flop
Seat 4: ca543d12 folded before Flop
Seat 5: 20a0de12 folded before Flop
Seat 6: f926638b folded before Flop
Seat 7: 7f542d6c (button) won (33,500)
Seat 8: 3f751185 (small blind) folded before Flop


Poker Hand #TM3559850418: Tournament #156953735, Bounty Hunters Mini Big Game $2.50 Hold'em No Limit - Level10(2,500/5,000) - 2024/08/07 21:23:16
Table '257' 8-max Seat #6 is the button
Seat 1: e5809ddd (331,643 in chips)
Seat 2: fd3daa6e (303,358 in chips)
Seat 3: Hero (191,058 in chips)
Seat 4: ca543d12 (116,400 in chips)
Seat 5: 20a0de12 (104,068 in chips)
Seat 6: f926638b (374,270 in chips)
Seat 7: 7f542d6c (457,160 in chips)
Seat 8: 3f751185 (152,600 in chips)
f926638b: posts the ante 750
3f751185: posts the ante 750
e5809ddd: posts the ante 750
7f542d6c: posts the ante 750
fd3daa6e: posts the ante 750
ca543d12: posts the ante 750
20a0de12: posts the ante 750
Hero: posts the ante 750
7f542d6c: posts small blind 2,500
3f751185: posts big blind 5,000
*** HOLE CARDS ***
Dealt to e5809ddd 
Dealt to fd3daa6e 
Dealt to Hero [Qc Ts]
Dealt to ca543d12 
Dealt to 20a0de12 
Dealt to f926638b 
Dealt to 7f542d6c 
Dealt to 3f751185 
e5809ddd: folds
fd3daa6e: folds
Hero: raises 5,000 to 10,000
ca543d12: folds
20a0de12: folds
f926638b: folds
7f542d6c: folds
3f751185: calls 5,000
*** FLOP *** [8h 9c 2s]
3f751185: checks
Hero: bets 9,405
3f751185: raises 15,613 to 25,018
Hero: calls 15,613
*** TURN *** [8h 9c 2s] [Kc]
3f751185: checks
Hero: checks
*** RIVER *** [8h 9c 2s Kc] [7d]
3f751185: bets 50,000
Hero: folds
Uncalled bet (50,000) returned to 3f751185
*** SHOWDOWN ***
3f751185 collected 78,536 from pot
*** SUMMARY ***
Total pot 78,536 | Rake 0 | Jackpot 0 | Bingo 0 | Fortune 0 | Tax 0
Board [8h 9c 2s Kc 7d]
Seat 1: e5809ddd folded before Flop
Seat 2: fd3daa6e folded before Flop
Seat 3: Hero folded on the River
Seat 4: ca543d12 folded before Flop
Seat 5: 20a0de12 folded before Flop
Seat 6: f926638b (button) folded before Flop
Seat 7: 7f542d6c (small blind) folded before Flop
Seat 8: 3f751185 (big blind) won (78,536)


Poker Hand #TM3559850292: Tournament #156953735, Bounty Hunters Mini Big Game $2.50 Hold'em No Limit - Level10(2,500/5,000) - 2024/08/07 21:21:47
Table '257' 8-max Seat #5 is the button
Seat 1: e5809ddd (332,393 in chips)
Seat 2: fd3daa6e (304,108 in chips)
Seat 3: Hero (191,808 in chips)
Seat 4: ca543d12 (117,150 in chips)
Seat 5: 20a0de12 (115,818 in chips)
Seat 6: f926638b (377,520 in chips)
Seat 7: 7f542d6c (438,410 in chips)
Seat 8: 3f751185 (153,350 in chips)
f926638b: posts the ante 750
3f751185: posts the ante 750
e5809ddd: posts the ante 750
7f542d6c: posts the ante 750
fd3daa6e: posts the ante 750
ca543d12: posts the ante 750
20a0de12: posts the ante 750
Hero: posts the ante 750
f926638b: posts small blind 2,500
7f542d6c: posts big blind 5,000
*** HOLE CARDS ***
Dealt to e5809ddd 
Dealt to fd3daa6e 
Dealt to Hero [3c Th]
Dealt to ca543d12 
Dealt to 20a0de12 
Dealt to f926638b 
Dealt to 7f542d6c 
Dealt to 3f751185 
3f751185: folds
e5809ddd: folds
fd3daa6e: folds
Hero: folds
ca543d12: folds
20a0de12: raises 6,000 to 11,000
f926638b: folds
7f542d6c: calls 6,000
*** FLOP *** [9h 5h 7c]
7f542d6c: checks
20a0de12: checks
*** TURN *** [9h 5h 7c] [2s]
7f542d6c: bets 17,500
20a0de12: folds
Uncalled bet (17,500) returned to 7f542d6c
*** SHOWDOWN ***
7f542d6c collected 30,500 from pot
*** SUMMARY ***
Total pot 30,500 | Rake 0 | Jackpot 0 | Bingo 0 | Fortune 0 | Tax 0
Board [9h 5h 7c 2s]
Seat 1: e5809ddd folded before Flop
Seat 2: fd3daa6e folded before Flop
Seat 3: Hero folded before Flop
Seat 4: ca543d12 folded before Flop
Seat 5: 20a0de12 (button) folded on the Turn
Seat 6: f926638b (small blind) folded before Flop
Seat 7: 7f542d6c (big blind) won (30,500)
Seat 8: 3f751185 folded before Flop


Poker Hand #TM3559850249: Tournament #156953735, Bounty Hunters Mini Big Game $2.50 Hold'em No Limit - Level10(2,500/5,000) - 2024/08/07 21:21:11
Table '257' 8-max Seat #4 is the button
Seat 1: e5809ddd (333,143 in chips)
Seat 2: fd3daa6e (309,858 in chips)
Seat 3: Hero (197,558 in chips)
Seat 4: ca543d12 (94,400 in chips)
Seat 5: 20a0de12 (119,068 in chips)
Seat 6: f926638b (383,270 in chips)
Seat 7: 7f542d6c (439,160 in chips)
Seat 8: 3f751185 (154,100 in chips)
f926638b: posts the ante 750
3f751185: posts the ante 750
e5809ddd: posts the ante 750
7f542d6c: posts the ante 750
fd3daa6e: posts the ante 750
ca543d12: posts the ante 750
20a0de12: posts the ante 750
Hero: posts the ante 750
20a0de12: posts small blind 2,500
f926638b: posts big blind 5,000
*** HOLE CARDS ***
Dealt to e5809ddd 
Dealt to fd3daa6e 
Dealt to Hero [Qs Jh]
Dealt to ca543d12 
Dealt to 20a0de12 
Dealt to f926638b 
Dealt to 7f542d6c 
Dealt to 3f751185 
7f542d6c: folds
3f751185: folds
e5809ddd: folds
fd3daa6e: calls 5,000
Hero: calls 5,000
ca543d12: raises 88,650 to 93,650 and is all-in
20a0de12: folds
f926638b: folds
fd3daa6e: folds
Hero: folds
Uncalled bet (88,650) returned to ca543d12
*** SHOWDOWN ***
ca543d12 collected 28,500 from pot
*** SUMMARY ***
Total pot 28,500 | Rake 0 | Jackpot 0 | Bingo 0 | Fortune 0 | Tax 0
Seat 1: e5809ddd folded before Flop
Seat 2: fd3daa6e folded before Flop
Seat 3: Hero folded before Flop
Seat 4: ca543d12 (button) collected (28,500)
Seat 5: 20a0de12 (small blind) folded before Flop
Seat 6: f926638b (big blind) folded before Flop
Seat 7: 7f542d6c folded before Flop
Seat 8: 3f751185 folded before Flop


Poker Hand #TM3559850108: Tournament #156953735, Bounty Hunters Mini Big Game $2.50 Hold'em No Limit - Level10(2,500/5,000) - 2024/08/07 21:19:35
Table '257' 8-max Seat #3 is the button
Seat 1: e5809ddd (333,893 in chips)
Seat 2: fd3daa6e (146,429 in chips)
Seat 3: Hero (198,308 in chips)
Seat 4: ca543d12 (97,650 in chips)
Seat 5: 20a0de12 (129,818 in chips)
Seat 6: f926638b (529,699 in chips)
Seat 7: 7f542d6c (439,910 in chips)
Seat 8: 3f751185 (154,850 in chips)
f926638b: posts the ante 750
3f751185: posts the ante 750
e5809ddd: posts the ante 750
7f542d6c: posts the ante 750
fd3daa6e: posts the ante 750
ca543d12: posts the ante 750
20a0de12: posts the ante 750
Hero: posts the ante 750
ca543d12: posts small blind 2,500
20a0de12: posts big blind 5,000
*** HOLE CARDS ***
Dealt to e5809ddd 
Dealt to fd3daa6e 
Dealt to Hero [6s 9c]
Dealt to ca543d12 
Dealt to 20a0de12 
Dealt to f926638b 
Dealt to 7f542d6c 
Dealt to 3f751185 
f926638b: raises 5,000 to 10,000
7f542d6c: folds
3f751185: folds
e5809ddd: folds
fd3daa6e: calls 10,000
Hero: folds
ca543d12: folds
20a0de12: calls 5,000
*** FLOP *** [7c Th 3c]
20a0de12: checks
f926638b: bets 17,890
fd3daa6e: calls 17,890
20a0de12: folds
*** TURN *** [7c Th 3c] [Ts]
f926638b: bets 25,600
fd3daa6e: raises 25,600 to 51,200
f926638b: calls 25,600
*** RIVER *** [7c Th 3c Ts] [Qc]
f926638b: checks
fd3daa6e: bets 66,589 and is all-in
f926638b: calls 66,589
fd3daa6e: shows [3s 3d] (Treys Full over Tens)
f926638b: shows [Ks Kc] (Pair of Kings and Pair of Tens)
*** SHOWDOWN ***
fd3daa6e collected 309,858 from pot
*** SUMMARY ***
Total pot 309,858 | Rake 0 | Jackpot 0 | Bingo 0 | Fortune 0 | Tax 0
Board [7c Th 3c Ts Qc]
Seat 1: e5809ddd folded before Flop
Seat 2: fd3daa6e showed [3s 3d] and won (309,858) with Treys Full over Tens
Seat 3: Hero (button) folded before Flop
Seat 4: ca543d12 (small blind) folded before Flop
Seat 5: 20a0de12 (big blind) folded on the Flop
Seat 6: f926638b showed [Ks Kc] and lost with Pair of Kings and Pair of Tens
Seat 7: 7f542d6c folded before Flop
Seat 8: 3f751185 folded before Flop


Poker Hand #TM3559850071: Tournament #156953735, Bounty Hunters Mini Big Game $2.50 Hold'em No Limit - Level10(2,500/5,000) - 2024/08/07 21:19:04
Table '257' 8-max Seat #2 is the button
Seat 1: e5809ddd (334,643 in chips)
Seat 2: fd3daa6e (131,179 in chips)
Seat 3: Hero (204,058 in chips)
Seat 4: ca543d12 (103,400 in chips)
Seat 5: 20a0de12 (130,568 in chips)
Seat 6: f926638b (530,449 in chips)
Seat 7: 7f542d6c (440,660 in chips)
Seat 8: 3f751185 (155,600 in chips)
f926638b: posts the ante 750
3f751185: posts the ante 750
e5809ddd: posts the ante 750
7f542d6c: posts the ante 750
fd3daa6e: posts the ante 750
ca543d12: posts the ante 750
20a0de12: posts the ante 750
Hero: posts the ante 750
Hero: posts small blind 2,500
ca543d12: posts big blind 5,000
*** HOLE CARDS ***
Dealt to e5809ddd 
Dealt to fd3daa6e 
Dealt to Hero [Ad 8d]
Dealt to ca543d12 
Dealt to 20a0de12 
Dealt to f926638b 
Dealt to 7f542d6c 
Dealt to 3f751185 
20a0de12: folds
f926638b: folds
7f542d6c: folds
3f751185: folds
e5809ddd: folds
fd3daa6e: calls 5,000
Hero: calls 2,500
ca543d12: checks
*** FLOP *** [Kd 3h Qh]
Hero: checks
ca543d12: checks
fd3daa6e: bets 10,500
Hero: folds
ca543d12: folds
Uncalled bet (10,500) returned to fd3daa6e
*** SHOWDOWN ***
fd3daa6e collected 21,000 from pot
*** SUMMARY ***
Total pot 21,000 | Rake 0 | Jackpot 0 | Bingo 0 | Fortune 0 | Tax 0
Board [Kd 3h Qh]
Seat 1: e5809ddd folded before Flop
Seat 2: fd3daa6e (button) won (21,000)
Seat 3: Hero (small blind) folded on the Flop
Seat 4: ca543d12 (big blind) folded on the Flop
Seat 5: 20a0de12 folded before Flop
Seat 6: f926638b folded before Flop
Seat 7: 7f542d6c folded before Flop
Seat 8: 3f751185 folded before Flop


Poker Hand #TM3559849996: Tournament #156953735, Bounty Hunters Mini Big Game $2.50 Hold'em No Limit - Level10(2,500/5,000) - 2024/08/07 21:18:04
Table '257' 8-max Seat #1 is the button
Seat 1: e5809ddd (335,393 in chips)
Seat 2: fd3daa6e (134,429 in chips)
Seat 3: Hero (209,808 in chips)
Seat 4: ca543d12 (104,150 in chips)
Seat 5: 20a0de12 (131,318 in chips)
Seat 6: f926638b (531,199 in chips)
Seat 7: 7f542d6c (441,410 in chips)
Seat 8: 3f751185 (142,850 in chips)
f926638b: posts the ante 750
3f751185: posts the ante 750
e5809ddd: posts the ante 750
7f542d6c: posts the ante 750
fd3daa6e: posts the ante 750
ca543d12: posts the ante 750
20a0de12: posts the ante 750
Hero: posts the ante 750
fd3daa6e: posts small blind 2,500
Hero: posts big blind 5,000
*** HOLE CARDS ***
Dealt to e5809ddd 
Dealt to fd3daa6e 
Dealt to Hero [5h Jh]
Dealt to ca543d12 
Dealt to 20a0de12 
Dealt to f926638b 
Dealt to 7f542d6c 
Dealt to 3f751185 
ca543d12: folds
20a0de12: folds
f926638b: folds
7f542d6c: folds
3f751185: raises 6,000 to 11,000
e5809ddd: folds
fd3daa6e: folds
Hero: folds
Uncalled bet (6,000) returned to 3f751185
*** SHOWDOWN ***
3f751185 collected 18,500 from pot
*** SUMMARY ***
Total pot 18,500 | Rake 0 | Jackpot 0 | Bingo 0 | Fortune 0 | Tax 0
Seat 1: e5809ddd (button) folded before Flop
Seat 2: fd3daa6e (small blind) folded before Flop
Seat 3: Hero (big blind) folded before Flop
Seat 4: ca543d12 folded before Flop
Seat 5: 20a0de12 folded before Flop
Seat 6: f926638b folded before Flop
Seat 7: 7f542d6c folded before Flop
Seat 8: 3f751185 collected (18,500)


Poker Hand #TM3559849923: Tournament #156953735, Bounty Hunters Mini Big Game $2.50 Hold'em No Limit - Level10(2,500/5,000) - 2024/08/07 21:17:18
Table '257' 8-max Seat #8 is the button
Seat 1: e5809ddd (402,068 in chips)
Seat 2: fd3daa6e (140,179 in chips)
Seat 3: Hero (210,558 in chips)
Seat 4: ca543d12 (104,900 in chips)
Seat 5: 20a0de12 (132,068 in chips)
Seat 6: f926638b (531,949 in chips)
Seat 7: 7f542d6c (442,160 in chips)
Seat 8: 3f751185 (66,675 in chips)
f926638b: posts the ante 750
3f751185: posts the ante 750
7f542d6c: posts the ante 750
e5809ddd: posts the ante 750
fd3daa6e: posts the ante 750
ca543d12: posts the ante 750
20a0de12: posts the ante 750
Hero: posts the ante 750
e5809ddd: posts small blind 2,500
fd3daa6e: posts big blind 5,000
*** HOLE CARDS ***
Dealt to e5809ddd 
Dealt to fd3daa6e 
Dealt to Hero [Td 3d]
Dealt to ca543d12 
Dealt to 20a0de12 
Dealt to f926638b 
Dealt to 7f542d6c 
Dealt to 3f751185 
Hero: folds
ca543d12: folds
20a0de12: folds
f926638b: folds
7f542d6c: folds
3f751185: raises 60,925 to 65,925 and is all-in
e5809ddd: calls 63,425
fd3daa6e: folds
3f751185: shows [5c 5d]
e5809ddd: shows [6s As]
*** FLOP *** [7h 9d 8c]
*** TURN *** [7h 9d 8c] [3h]
*** RIVER *** [7h 9d 8c 3h] [3s]
*** SHOWDOWN ***
3f751185 collected 142,850 from pot
*** SUMMARY ***
Total pot 142,850 | Rake 0 | Jackpot 0 | Bingo 0 | Fortune 0 | Tax 0
Board [7h 9d 8c 3h 3s]
Seat 1: e5809ddd (small blind) showed [6s As] and lost with Pair of Treys
Seat 2: fd3daa6e (big blind) folded before Flop
Seat 3: Hero folded before Flop
Seat 4: ca543d12 folded before Flop
Seat 5: 20a0de12 folded before Flop
Seat 6: f926638b folded before Flop
Seat 7: 7f542d6c folded before Flop
Seat 8: 3f751185 (button) showed [5c 5d] and won (142,850) with Pair of Fives and Pair of Treys


Poker Hand #TM3559849859: Tournament #156953735, Bounty Hunters Mini Big Game $2.50 Hold'em No Limit - Level10(2,500/5,000) - 2024/08/07 21:16:37
Table '257' 8-max Seat #7 is the button
Seat 1: e5809ddd (412,818 in chips)
Seat 2: fd3daa6e (140,929 in chips)
Seat 3: Hero (211,308 in chips)
Seat 4: ca543d12 (105,650 in chips)
Seat 5: 20a0de12 (132,818 in chips)
Seat 6: f926638b (532,699 in chips)
Seat 7: 7f542d6c (424,410 in chips)
Seat 8: 3f751185 (69,925 in chips)
f926638b: posts the ante 750
3f751185: posts the ante 750
7f542d6c: posts the ante 750
e5809ddd: posts the ante 750
fd3daa6e: posts the ante 750
ca543d12: posts the ante 750
20a0de12: posts the ante 750
Hero: posts the ante 750
3f751185: posts small blind 2,500
e5809ddd: posts big blind 5,000
*** HOLE CARDS ***
Dealt to e5809ddd 
Dealt to fd3daa6e 
Dealt to Hero [6s Ad]
Dealt to ca543d12 
Dealt to 20a0de12 
Dealt to f926638b 
Dealt to 7f542d6c 
Dealt to 3f751185 
fd3daa6e: folds
Hero: folds
ca543d12: folds
20a0de12: folds
f926638b: folds
7f542d6c: raises 5,000 to 10,000
3f751185: folds
e5809ddd: calls 5,000
*** FLOP *** [6d Qd Js]
e5809ddd: checks
7f542d6c: bets 15,676
e5809ddd: folds
Uncalled bet (15,676) returned to 7f542d6c
*** SHOWDOWN ***
7f542d6c collected 28,500 from pot
*** SUMMARY ***
Total pot 28,500 | Rake 0 | Jackpot 0 | Bingo 0 | Fortune 0 | Tax 0
Board [6d Qd Js]
Seat 1: e5809ddd (big blind) folded on the Flop
Seat 2: fd3daa6e folded before Flop
Seat 3: Hero folded before Flop
Seat 4: ca543d12 folded before Flop
Seat 5: 20a0de12 folded before Flop
Seat 6: f926638b folded before Flop
Seat 7: 7f542d6c (button) won (28,500)
Seat 8: 3f751185 (small blind) folded before Flop


Poker Hand #TM3559849806: Tournament #156953735, Bounty Hunters Mini Big Game $2.50 Hold'em No Limit - Level10(2,500/5,000) - 2024/08/07 21:15:57
Table '257' 8-max Seat #6 is the button
Seat 1: e5809ddd (413,568 in chips)
Seat 2: fd3daa6e (141,679 in chips)
Seat 3: Hero (212,058 in chips)
Seat 4: ca543d12 (106,400 in chips)
Seat 5: 20a0de12 (133,568 in chips)
Seat 6: f926638b (514,949 in chips)
Seat 7: 7f542d6c (427,660 in chips)
Seat 8: 3f751185 (80,675 in chips)
f926638b: posts the ante 750
3f751185: posts the ante 750
e5809ddd: posts the ante 750
7f542d6c: posts the ante 750
fd3daa6e: posts the ante 750
ca543d12: posts the ante 750
20a0de12: posts the ante 750
Hero: posts the ante 750
7f542d6c: posts small blind 2,500
3f751185: posts big blind 5,000
*** HOLE CARDS ***
Dealt to e5809ddd 
Dealt to fd3daa6e 
Dealt to Hero [9c 7s]
Dealt to ca543d12 
Dealt to 20a0de12 
Dealt to f926638b 
Dealt to 7f542d6c 
Dealt to 3f751185 
e5809ddd: folds
fd3daa6e: folds
Hero: folds
ca543d12: folds
20a0de12: folds
f926638b: raises 5,000 to 10,000
7f542d6c: folds
3f751185: calls 5,000
*** FLOP *** [Js Kh 3h]
3f751185: checks
f926638b: bets 13,310
3f751185: folds
Uncalled bet (13,310) returned to f926638b
*** SHOWDOWN ***
f926638b collected 28,500 from pot
*** SUMMARY ***
Total pot 28,500 | Rake 0 | Jackpot 0 | Bingo 0 | Fortune 0 | Tax 0
Board [Js Kh 3h]
Seat 1: e5809ddd folded before Flop
Seat 2: fd3daa6e folded before Flop
Seat 3: Hero folded before Flop
Seat 4: ca543d12 folded before Flop
Seat 5: 20a0de12 folded before Flop
Seat 6: f926638b (button) won (28,500)
Seat 7: 7f542d6c (small blind) folded before Flop
Seat 8: 3f751185 (big blind) folded on the Flop


Poker Hand #TM3559849749: Tournament #156953735, Bounty Hunters Mini Big Game $2.50 Hold'em No Limit - Level9(2,000/4,000) - 2024/08/07 21:15:20
Table '257' 8-max Seat #5 is the button
Seat 1: e5809ddd (414,168 in chips)
Seat 2: fd3daa6e (119,479 in chips)
Seat 3: Hero (212,658 in chips)
Seat 4: ca543d12 (107,000 in chips)
Seat 5: 20a0de12 (134,168 in chips)
Seat 6: f926638b (517,549 in chips)
Seat 7: 7f542d6c (444,260 in chips)
Seat 8: 3f751185 (81,275 in chips)
f926638b: posts the ante 600
3f751185: posts the ante 600
e5809ddd: posts the ante 600
7f542d6c: posts the ante 600
fd3daa6e: posts the ante 600
ca543d12: posts the ante 600
20a0de12: posts the ante 600
Hero: posts the ante 600
f926638b: posts small blind 2,000
7f542d6c: posts big blind 4,000
*** HOLE CARDS ***
Dealt to e5809ddd 
Dealt to fd3daa6e 
Dealt to Hero [Th 6h]
Dealt to ca543d12 
Dealt to 20a0de12 
Dealt to f926638b 
Dealt to 7f542d6c 
Dealt to 3f751185 
3f751185: folds
e5809ddd: folds
fd3daa6e: raises 12,000 to 16,000
Hero: folds
ca543d12: folds
20a0de12: folds
f926638b: folds
7f542d6c: calls 12,000
*** FLOP *** [9c 5s Qs]
7f542d6c: checks
fd3daa6e: bets 29,100
7f542d6c: folds
Uncalled bet (29,100) returned to fd3daa6e
*** SHOWDOWN ***
fd3daa6e collected 38,800 from pot
*** SUMMARY ***
Total pot 38,800 | Rake 0 | Jackpot 0 | Bingo 0 | Fortune 0 | Tax 0
Board [9c 5s Qs]
Seat 1: e5809ddd folded before Flop
Seat 2: fd3daa6e won (38,800)
Seat 3: Hero folded before Flop
Seat 4: ca543d12 folded before Flop
Seat 5: 20a0de12 (button) folded before Flop
Seat 6: f926638b (small blind) folded before Flop
Seat 7: 7f542d6c (big blind) folded on the Flop
Seat 8: 3f751185 folded before Flop


Poker Hand #TM3559849685: Tournament #156953735, Bounty Hunters Mini Big Game $2.50 Hold'em No Limit - Level9(2,000/4,000) - 2024/08/07 21:14:34
Table '257' 8-max Seat #4 is the button
Seat 1: e5809ddd (395,168 in chips)
Seat 2: fd3daa6e (120,079 in chips)
Seat 3: Hero (213,258 in chips)
Seat 4: ca543d12 (107,600 in chips)
Seat 5: 20a0de12 (136,768 in chips)
Seat 6: f926638b (522,149 in chips)
Seat 7: 7f542d6c (444,860 in chips)
Seat 8: 3f751185 (90,675 in chips)
f926638b: posts the ante 600
3f751185: posts the ante 600
e5809ddd: posts the ante 600
7f542d6c: posts the ante 600
fd3daa6e: posts the ante 600
ca543d12: posts the ante 600
20a0de12: posts the ante 600
Hero: posts the ante 600
20a0de12: posts small blind 2,000
f926638b: posts big blind 4,000
*** HOLE CARDS ***
Dealt to e5809ddd 
Dealt to fd3daa6e 
Dealt to Hero [5d 4h]
Dealt to ca543d12 
Dealt to 20a0de12 
Dealt to f926638b 
Dealt to 7f542d6c 
Dealt to 3f751185 
7f542d6c: folds
3f751185: raises 4,800 to 8,800
e5809ddd: raises 21,300 to 30,100
fd3daa6e: folds
Hero: folds
ca543d12: folds
20a0de12: folds
f926638b: folds
3f751185: folds
Uncalled bet (21,300) returned to e5809ddd
*** SHOWDOWN ***
e5809ddd collected 28,400 from pot
*** SUMMARY ***
Total pot 28,400 | Rake 0 | Jackpot 0 | Bingo 0 | Fortune 0 | Tax 0
Seat 1: e5809ddd collected (28,400)
Seat 2: fd3daa6e folded before Flop
Seat 3: Hero folded before Flop
Seat 4: ca543d12 (button) folded before Flop
Seat 5: 20a0de12 (small blind) folded before Flop
Seat 6: f926638b (big blind) folded before Flop
Seat 7: 7f542d6c folded before Flop
Seat 8: 3f751185 folded before Flop


Poker Hand #TM3559849618: Tournament #156953735, Bounty Hunters Mini Big Game $2.50 Hold'em No Limit - Level9(2,000/4,000) - 2024/08/07 21:13:53
Table '257' 8-max Seat #3 is the button
Seat 1: e5809ddd (395,768 in chips)
Seat 2: fd3daa6e (128,679 in chips)
Seat 3: Hero (213,858 in chips)
Seat 4: ca543d12 (110,200 in chips)
Seat 5: 20a0de12 (122,568 in chips)
Seat 6: f926638b (522,749 in chips)
Seat 7: 7f542d6c (445,460 in chips)
Seat 8: 3f751185 (91,275 in chips)
f926638b: posts the ante 600
3f751185: posts the ante 600
e5809ddd: posts the ante 600
7f542d6c: posts the ante 600
fd3daa6e: posts the ante 600
ca543d12: posts the ante 600
20a0de12: posts the ante 600
Hero: posts the ante 600
ca543d12: posts small blind 2,000
20a0de12: posts big blind 4,000
*** HOLE CARDS ***
Dealt to e5809ddd 
Dealt to fd3daa6e 
Dealt to Hero [2d Jh]
Dealt to ca543d12 
Dealt to 20a0de12 
Dealt to f926638b 
Dealt to 7f542d6c 
Dealt to 3f751185 
f926638b: folds
7f542d6c: folds
3f751185: folds
e5809ddd: folds
fd3daa6e: raises 4,000 to 8,000
Hero: folds
ca543d12: folds
20a0de12: raises 113,968 to 121,968 and is all-in
fd3daa6e: folds
Uncalled bet (113,968) returned to 20a0de12
*** SHOWDOWN ***
20a0de12 collected 22,800 from pot
*** SUMMARY ***
Total pot 22,800 | Rake 0 | Jackpot 0 | Bingo 0 | Fortune 0 | Tax 0
Seat 1: e5809ddd folded before Flop
Seat 2: fd3daa6e folded before Flop
Seat 3: Hero (button) folded before Flop
Seat 4: ca543d12 (small blind) folded before Flop
Seat 5: 20a0de12 (big blind) collected (22,800)
Seat 6: f926638b folded before Flop
Seat 7: 7f542d6c folded before Flop
Seat 8: 3f751185 folded before Flop


Poker Hand #TM3559849534: Tournament #156953735, Bounty Hunters Mini Big Game $2.50 Hold'em No Limit - Level9(2,000/4,000) - 2024/08/07 21:12:49
Table '257' 8-max Seat #2 is the button
Seat 1: e5809ddd (396,368 in chips)
Seat 2: fd3daa6e (133,279 in chips)
Seat 3: Hero (216,458 in chips)
Seat 4: ca543d12 (100,000 in chips)
Seat 5: 20a0de12 (123,168 in chips)
Seat 6: f926638b (523,349 in chips)
Seat 7: 7f542d6c (446,060 in chips)
Seat 8: 3f751185 (91,875 in chips)
f926638b: posts the ante 600
3f751185: posts the ante 600
e5809ddd: posts the ante 600
7f542d6c: posts the ante 600
fd3daa6e: posts the ante 600
ca543d12: posts the ante 600
20a0de12: posts the ante 600
Hero: posts the ante 600
Hero: posts small blind 2,000
ca543d12: posts big blind 4,000
*** HOLE CARDS ***
Dealt to e5809ddd 
Dealt to fd3daa6e 
Dealt to Hero [Th 2d]
Dealt to ca543d12 
Dealt to 20a0de12 
Dealt to f926638b 
Dealt to 7f542d6c 
Dealt to 3f751185 
20a0de12: folds
f926638b: folds
7f542d6c: folds
3f751185: folds
e5809ddd: folds
fd3daa6e: calls 4,000
Hero: folds
ca543d12: checks
*** FLOP *** [Ts 4s 3s]
ca543d12: checks
fd3daa6e: checks
*** TURN *** [Ts 4s 3s] [3h]
ca543d12: bets 4,884
fd3daa6e: folds
Uncalled bet (4,884) returned to ca543d12
*** SHOWDOWN ***
ca543d12 collected 14,800 from pot
*** SUMMARY ***
Total pot 14,800 | Rake 0 | Jackpot 0 | Bingo 0 | Fortune 0 | Tax 0
Board [Ts 4s 3s 3h]
Seat 1: e5809ddd folded before Flop
Seat 2: fd3daa6e (button) folded on the Turn
Seat 3: Hero (small blind) folded before Flop
Seat 4: ca543d12 (big blind) won (14,800)
Seat 5: 20a0de12 folded before Flop
Seat 6: f926638b folded before Flop
Seat 7: 7f542d6c folded before Flop
Seat 8: 3f751185 folded before Flop


Poker Hand #TM3559849474: Tournament #156953735, Bounty Hunters Mini Big Game $2.50 Hold'em No Limit - Level9(2,000/4,000) - 2024/08/07 21:12:12
Table '257' 8-max Seat #1 is the button
Seat 1: e5809ddd (396,968 in chips)
Seat 2: fd3daa6e (135,879 in chips)
Seat 3: Hero (225,058 in chips)
Seat 5: 20a0de12 (123,768 in chips)
Seat 6: f926638b (523,949 in chips)
Seat 7: 7f542d6c (432,460 in chips)
Seat 8: 3f751185 (92,475 in chips)
f926638b: posts the ante 600
3f751185: posts the ante 600
e5809ddd: posts the ante 600
7f542d6c: posts the ante 600
fd3daa6e: posts the ante 600
20a0de12: posts the ante 600
Hero: posts the ante 600
fd3daa6e: posts small blind 2,000
Hero: posts big blind 4,000
*** HOLE CARDS ***
Dealt to e5809ddd 
Dealt to fd3daa6e 
Dealt to Hero [Kh 6c]
Dealt to 20a0de12 
Dealt to f926638b 
Dealt to 7f542d6c 
Dealt to 3f751185 
20a0de12: folds
f926638b: folds
7f542d6c: raises 4,000 to 8,000
3f751185: folds
e5809ddd: folds
fd3daa6e: folds
Hero: calls 4,000
*** FLOP *** [Ac 4c 3d]
Hero: checks
7f542d6c: bets 17,760
Hero: folds
Uncalled bet (17,760) returned to 7f542d6c
*** SHOWDOWN ***
7f542d6c collected 22,200 from pot
*** SUMMARY ***
Total pot 22,200 | Rake 0 | Jackpot 0 | Bingo 0 | Fortune 0 | Tax 0
Board [Ac 4c 3d]
Seat 1: e5809ddd (button) folded before Flop
Seat 2: fd3daa6e (small blind) folded before Flop
Seat 3: Hero (big blind) folded on the Flop
Seat 5: 20a0de12 folded before Flop
Seat 6: f926638b folded before Flop
Seat 7: 7f542d6c won (22,200)
Seat 8: 3f751185 folded before Flop


Poker Hand #TM3559849361: Tournament #156953735, Bounty Hunters Mini Big Game $2.50 Hold'em No Limit - Level9(2,000/4,000) - 2024/08/07 21:10:50
Table '257' 8-max Seat #8 is the button
Seat 1: e5809ddd (399,568 in chips)
Seat 2: fd3daa6e (148,479 in chips)
Seat 3: Hero (225,658 in chips)
Seat 4: 505febe1 (1,666 in chips)
Seat 5: 20a0de12 (124,368 in chips)
Seat 6: f926638b (492,683 in chips)
Seat 7: 7f542d6c (433,060 in chips)
Seat 8: 3f751185 (105,075 in chips)
f926638b: posts the ante 600
3f751185: posts the ante 600
7f542d6c: posts the ante 600
e5809ddd: posts the ante 600
fd3daa6e: posts the ante 600
505febe1: posts the ante 600
20a0de12: posts the ante 600
Hero: posts the ante 600
e5809ddd: posts small blind 2,000
fd3daa6e: posts big blind 4,000
*** HOLE CARDS ***
Dealt to e5809ddd 
Dealt to fd3daa6e 
Dealt to Hero [2d Qs]
Dealt to 505febe1 
Dealt to 20a0de12 
Dealt to f926638b 
Dealt to 7f542d6c 
Dealt to 3f751185 
Hero: folds
505febe1: calls 1,066 and is all-in
20a0de12: folds
f926638b: raises 8,000 to 12,000
7f542d6c: folds
3f751185: calls 12,000
e5809ddd: folds
fd3daa6e: calls 8,000
*** FLOP *** [Kh 2h Qd]
fd3daa6e: checks
f926638b: bets 16,900
3f751185: folds
fd3daa6e: folds
Uncalled bet (16,900) returned to f926638b
f926638b: shows [Ad As] (Pair of Aces)
505febe1: shows [5h 7s] (King-High)
*** TURN *** [Kh 2h Qd] [2s]
*** RIVER *** [Kh 2h Qd 2s] [Th]
*** SHOWDOWN ***
f926638b collected 10,130 from pot
f926638b collected 33,736 from pot
*** SUMMARY ***
Total pot 43,866 | Rake 0 | Jackpot 0 | Bingo 0 | Fortune 0 | Tax 0
Board [Kh 2h Qd 2s Th]
Seat 1: e5809ddd (small blind) folded before Flop
Seat 2: fd3daa6e (big blind) folded on the Flop
Seat 3: Hero folded before Flop
Seat 4: 505febe1 showed [5h 7s] and lost with Pair of Twos
Seat 5: 20a0de12 folded before Flop
Seat 6: f926638b showed [Ad As] and won (43,866) with Pair of Aces and Pair of Twos
Seat 7: 7f542d6c folded before Flop
Seat 8: 3f751185 (button) folded on the Flop


Poker Hand #TM3559849257: Tournament #156953735, Bounty Hunters Mini Big Game $2.50 Hold'em No Limit - Level9(2,000/4,000) - 2024/08/07 21:09:40
Table '257' 8-max Seat #7 is the button
Seat 1: e5809ddd (404,168 in chips)
Seat 2: fd3daa6e (153,079 in chips)
Seat 3: Hero (236,462 in chips)
Seat 4: 505febe1 (206,294 in chips)
Seat 5: 20a0de12 (124,968 in chips)
Seat 6: f926638b (493,283 in chips)
Seat 7: 7f542d6c (204,628 in chips)
Seat 8: 3f751185 (107,675 in chips)
f926638b: posts the ante 600
3f751185: posts the ante 600
7f542d6c: posts the ante 600
e5809ddd: posts the ante 600
fd3daa6e: posts the ante 600
505febe1: posts the ante 600
20a0de12: posts the ante 600
Hero: posts the ante 600
3f751185: posts small blind 2,000
e5809ddd: posts big blind 4,000
*** HOLE CARDS ***
Dealt to e5809ddd 
Dealt to fd3daa6e 
Dealt to Hero [Jc Qs]
Dealt to 505febe1 
Dealt to 20a0de12 
Dealt to f926638b 
Dealt to 7f542d6c 
Dealt to 3f751185 
fd3daa6e: calls 4,000
Hero: raises 6,204 to 10,204
505febe1: calls 10,204
20a0de12: folds
f926638b: folds
7f542d6c: raises 29,796 to 40,000
3f751185: folds
e5809ddd: folds
fd3daa6e: folds
Hero: folds
505febe1: calls 29,796
*** FLOP *** [6s Ac 9s]
505febe1: checks
7f542d6c: bets 36,000
505febe1: calls 36,000
*** TURN *** [6s Ac 9s] [Kc]
505febe1: checks
7f542d6c: checks
*** RIVER *** [6s Ac 9s Kc] [Ah]
505febe1: bets 129,694 and is all-in
7f542d6c: calls 128,028 and is all-in
Uncalled bet (1,666) returned to 505febe1
505febe1: shows [7s Js] (Pair of Aces)
7f542d6c: shows [Qc Kd] (Pair of Aces and Pair of Kings)
*** SHOWDOWN ***
7f542d6c collected 433,060 from pot
*** SUMMARY ***
Total pot 433,060 | Rake 0 | Jackpot 0 | Bingo 0 | Fortune 0 | Tax 0
Board [6s Ac 9s Kc Ah]
Seat 1: e5809ddd (big blind) folded before Flop
Seat 2: fd3daa6e folded before Flop
Seat 3: Hero folded before Flop
Seat 4: 505febe1 showed [7s Js] and lost with Pair of Aces
Seat 5: 20a0de12 folded before Flop
Seat 6: f926638b folded before Flop
Seat 7: 7f542d6c (button) showed [Qc Kd] and won (433,060) with Pair of Aces and Pair of Kings
Seat 8: 3f751185 (small blind) folded before Flop


Poker Hand #TM3559849192: Tournament #156953735, Bounty Hunters Mini Big Game $2.50 Hold'em No Limit - Level9(2,000/4,000) - 2024/08/07 21:08:51
Table '257' 8-max Seat #5 is the button
Seat 1: e5809ddd (404,768 in chips)
Seat 2: fd3daa6e (153,679 in chips)
Seat 3: Hero (237,062 in chips)
Seat 4: 505febe1 (196,694 in chips)
Seat 5: 20a0de12 (125,568 in chips)
Seat 7: 7f542d6c (207,228 in chips)
Seat 8: 3f751185 (112,275 in chips)
3f751185: posts the ante 600
e5809ddd: posts the ante 600
7f542d6c: posts the ante 600
fd3daa6e: posts the ante 600
505febe1: posts the ante 600
20a0de12: posts the ante 600
Hero: posts the ante 600
7f542d6c: posts small blind 2,000
3f751185: posts big blind 4,000
*** HOLE CARDS ***
Dealt to e5809ddd 
Dealt to fd3daa6e 
Dealt to Hero [Kd 2c]
Dealt to 505febe1 
Dealt to 20a0de12 
Dealt to 7f542d6c 
Dealt to 3f751185 
e5809ddd: folds
fd3daa6e: folds
Hero: folds
505febe1: calls 4,000
20a0de12: folds
7f542d6c: folds
3f751185: checks
*** FLOP *** [8c 8h 2d]
3f751185: checks
505febe1: checks
*** TURN *** [8c 8h 2d] [Ks]
3f751185: checks
505febe1: bets 7,100
3f751185: folds
Uncalled bet (7,100) returned to 505febe1
*** SHOWDOWN ***
505febe1 collected 14,200 from pot
*** SUMMARY ***
Total pot 14,200 | Rake 0 | Jackpot 0 | Bingo 0 | Fortune 0 | Tax 0
Board [8c 8h 2d Ks]
Seat 1: e5809ddd folded before Flop
Seat 2: fd3daa6e folded before Flop
Seat 3: Hero folded before Flop
Seat 4: 505febe1 won (14,200)
Seat 5: 20a0de12 (button) folded before Flop
Seat 7: 7f542d6c (small blind) folded before Flop
Seat 8: 3f751185 (big blind) folded on the Turn


Poker Hand #TM3559849139: Tournament #156953735, Bounty Hunters Mini Big Game $2.50 Hold'em No Limit - Level9(2,000/4,000) - 2024/08/07 21:08:17
Table '257' 8-max Seat #4 is the button
Seat 1: e5809ddd (405,368 in chips)
Seat 2: fd3daa6e (154,279 in chips)
Seat 3: Hero (237,662 in chips)
Seat 4: 505febe1 (197,294 in chips)
Seat 5: 20a0de12 (117,968 in chips)
Seat 7: 7f542d6c (211,828 in chips)
Seat 8: 3f751185 (112,875 in chips)
3f751185: posts the ante 600
e5809ddd: posts the ante 600
7f542d6c: posts the ante 600
fd3daa6e: posts the ante 600
505febe1: posts the ante 600
20a0de12: posts the ante 600
Hero: posts the ante 600
20a0de12: posts small blind 2,000
7f542d6c: posts big blind 4,000
*** HOLE CARDS ***
Dealt to e5809ddd 
Dealt to fd3daa6e 
Dealt to Hero [Ad 9h]
Dealt to 505febe1 
Dealt to 20a0de12 
Dealt to 7f542d6c 
Dealt to 3f751185 
3f751185: folds
e5809ddd: folds
fd3daa6e: folds
Hero: folds
505febe1: folds
20a0de12: raises 12,800 to 16,800
7f542d6c: folds
Uncalled bet (12,800) returned to 20a0de12
*** SHOWDOWN ***
20a0de12 collected 12,200 from pot
*** SUMMARY ***
Total pot 12,200 | Rake 0 | Jackpot 0 | Bingo 0 | Fortune 0 | Tax 0
Seat 1: e5809ddd folded before Flop
Seat 2: fd3daa6e folded before Flop
Seat 3: Hero folded before Flop
Seat 4: 505febe1 (button) folded before Flop
Seat 5: 20a0de12 (small blind) collected (12,200)
Seat 7: 7f542d6c (big blind) folded before Flop
Seat 8: 3f751185 folded before Flop


Poker Hand #TM3558969049: Tournament #156953735, Bounty Hunters Mini Big Game $2.50 Hold'em No Limit - Level9(2,000/4,000) - 2024/08/07 21:07:06
Table '257' 8-max Seat #3 is the button
Seat 1: e5809ddd (440,316 in chips)
Seat 2: fd3daa6e (154,879 in chips)
Seat 3: Hero (272,610 in chips)
Seat 4: 505febe1 (86,050 in chips)
Seat 5: 20a0de12 (122,568 in chips)
Seat 6: 71104f81 (34,948 in chips)
Seat 7: 7f542d6c (212,428 in chips)
Seat 8: 3f751185 (113,475 in chips)
71104f81: posts the ante 600
3f751185: posts the ante 600
e5809ddd: posts the ante 600
7f542d6c: posts the ante 600
fd3daa6e: posts the ante 600
505febe1: posts the ante 600
20a0de12: posts the ante 600
Hero: posts the ante 600
505febe1: posts small blind 2,000
20a0de12: posts big blind 4,000
*** HOLE CARDS ***
Dealt to e5809ddd 
Dealt to fd3daa6e 
Dealt to Hero [Ad 6s]
Dealt to 505febe1 
Dealt to 20a0de12 
Dealt to 71104f81 
Dealt to 7f542d6c 
Dealt to 3f751185 
71104f81: raises 30,348 to 34,348 and is all-in
7f542d6c: folds
3f751185: folds
e5809ddd: calls 34,348
fd3daa6e: folds
Hero: calls 34,348
505febe1: calls 32,348
20a0de12: folds
*** FLOP *** [Qs 8h 3d]
505febe1: checks
e5809ddd: checks
Hero: checks
*** TURN *** [Qs 8h 3d] [Jh]
505febe1: bets 51,102 and is all-in
e5809ddd: folds
Hero: folds
Uncalled bet (51,102) returned to 505febe1
505febe1: shows [Kh Th] (King-High)
71104f81: shows [9d 8c] (Pair of Eights)
*** RIVER *** [Qs 8h 3d Jh] [Qh]
*** SHOWDOWN ***
505febe1 collected 146,192 from pot
*** SUMMARY ***
Total pot 146,192 | Rake 0 | Jackpot 0 | Bingo 0 | Fortune 0 | Tax 0
Board [Qs 8h 3d Jh Qh]
Seat 1: e5809ddd folded on the Turn
Seat 2: fd3daa6e folded before Flop
Seat 3: Hero (button) folded on the Turn
Seat 4: 505febe1 (small blind) showed [Kh Th] and won (146,192) with King High Flush
Seat 5: 20a0de12 (big blind) folded before Flop
Seat 6: 71104f81 showed [9d 8c] and lost with Pair of Queens and Pair of Eights
Seat 7: 7f542d6c folded before Flop
Seat 8: 3f751185 folded before Flop


Poker Hand #TM3558968949: Tournament #156953735, Bounty Hunters Mini Big Game $2.50 Hold'em No Limit - Level8(1,500/3,000) - 2024/08/07 21:05:51
Table '257' 8-max Seat #2 is the button
Seat 1: e5809ddd (211,308 in chips)
Seat 2: fd3daa6e (155,329 in chips)
Seat 3: Hero (274,560 in chips)
Seat 4: 505febe1 (100,000 in chips)
Seat 5: 20a0de12 (123,018 in chips)
Seat 6: 71104f81 (246,256 in chips)
Seat 7: 7f542d6c (212,878 in chips)
Seat 8: 3f751185 (113,925 in chips)
71104f81: posts the ante 450
3f751185: posts the ante 450
e5809ddd: posts the ante 450
7f542d6c: posts the ante 450
fd3daa6e: posts the ante 450
505febe1: posts the ante 450
20a0de12: posts the ante 450
Hero: posts the ante 450
Hero: posts small blind 1,500
505febe1: posts big blind 3,000
*** HOLE CARDS ***
Dealt to e5809ddd 
Dealt to fd3daa6e 
Dealt to Hero [9c Qs]
Dealt to 505febe1 
Dealt to 20a0de12 
Dealt to 71104f81 
Dealt to 7f542d6c 
Dealt to 3f751185 
20a0de12: folds
71104f81: calls 3,000
7f542d6c: folds
3f751185: folds
e5809ddd: raises 10,500 to 13,500
fd3daa6e: folds
Hero: folds
505febe1: calls 10,500
71104f81: calls 10,500
*** FLOP *** [5s 3h 8h]
505febe1: checks
71104f81: bets 232,306 and is all-in
e5809ddd: calls 197,358 and is all-in
505febe1: folds
Uncalled bet (34,948) returned to 71104f81
71104f81: shows [8s As] (Pair of Eights)
e5809ddd: shows [Qc Qh] (Pair of Queens)
*** TURN *** [5s 3h 8h] [7d]
*** RIVER *** [5s 3h 8h 7d] [3d]
*** SHOWDOWN ***
e5809ddd collected 440,316 from pot
*** SUMMARY ***
Total pot 440,316 | Rake 0 | Jackpot 0 | Bingo 0 | Fortune 0 | Tax 0
Board [5s 3h 8h 7d 3d]
Seat 1: e5809ddd showed [Qc Qh] and won (440,316) with Pair of Queens and Pair of Treys
Seat 2: fd3daa6e (button) folded before Flop
Seat 3: Hero (small blind) folded before Flop
Seat 4: 505febe1 (big blind) folded on the Flop
Seat 5: 20a0de12 folded before Flop
Seat 6: 71104f81 showed [8s As] and lost with Pair of Eights and Pair of Treys
Seat 7: 7f542d6c folded before Flop
Seat 8: 3f751185 folded before Flop


Poker Hand #TM3558968884: Tournament #156953735, Bounty Hunters Mini Big Game $2.50 Hold'em No Limit - Level8(1,500/3,000) - 2024/08/07 21:05:02
Table '257' 8-max Seat #1 is the button
Seat 1: e5809ddd (211,758 in chips)
Seat 2: fd3daa6e (157,279 in chips)
Seat 3: Hero (278,010 in chips)
Seat 4: dd6cc6d5 (85,746 in chips)
Seat 5: 20a0de12 (123,468 in chips)
Seat 6: 71104f81 (153,310 in chips)
Seat 7: 7f542d6c (213,328 in chips)
Seat 8: 3f751185 (114,375 in chips)
71104f81: posts the ante 450
3f751185: posts the ante 450
e5809ddd: posts the ante 450
7f542d6c: posts the ante 450
fd3daa6e: posts the ante 450
20a0de12: posts the ante 450
Hero: posts the ante 450
dd6cc6d5: posts the ante 450
fd3daa6e: posts small blind 1,500
Hero: posts big blind 3,000
*** HOLE CARDS ***
Dealt to e5809ddd 
Dealt to fd3daa6e 
Dealt to Hero [9s 5h]
Dealt to dd6cc6d5 
Dealt to 20a0de12 
Dealt to 71104f81 
Dealt to 7f542d6c 
Dealt to 3f751185 
dd6cc6d5: raises 3,000 to 6,000
20a0de12: folds
71104f81: raises 146,860 to 152,860 and is all-in
7f542d6c: folds
3f751185: folds
e5809ddd: folds
fd3daa6e: folds
Hero: folds
dd6cc6d5: calls 79,296 and is all-in
Uncalled bet (67,564) returned to 71104f81
71104f81: shows [Jh Jd]
dd6cc6d5: shows [As Qc]
*** FLOP *** [8s 2s 3h]
*** TURN *** [8s 2s 3h] [Th]
*** RIVER *** [8s 2s 3h Th] [7c]
*** SHOWDOWN ***
71104f81 collected 178,692 from pot
*** SUMMARY ***
Total pot 178,692 | Rake 0 | Jackpot 0 | Bingo 0 | Fortune 0 | Tax 0
Board [8s 2s 3h Th 7c]
Seat 1: e5809ddd (button) folded before Flop
Seat 2: fd3daa6e (small blind) folded before Flop
Seat 3: Hero (big blind) folded before Flop
Seat 4: dd6cc6d5 showed [As Qc] and lost with Ace-High
Seat 5: 20a0de12 folded before Flop
Seat 6: 71104f81 showed [Jh Jd] and won (178,692) with Pair of Jacks
Seat 7: 7f542d6c folded before Flop
Seat 8: 3f751185 folded before Flop


Poker Hand #TM3558968840: Tournament #156953735, Bounty Hunters Mini Big Game $2.50 Hold'em No Limit - Level8(1,500/3,000) - 2024/08/07 21:04:27
Table '257' 8-max Seat #8 is the button
Seat 1: e5809ddd (213,708 in chips)
Seat 2: fd3daa6e (160,729 in chips)
Seat 3: Hero (278,460 in chips)
Seat 4: dd6cc6d5 (86,196 in chips)
Seat 5: 20a0de12 (115,818 in chips)
Seat 6: 71104f81 (153,760 in chips)
Seat 7: 7f542d6c (213,778 in chips)
Seat 8: 3f751185 (114,825 in chips)
71104f81: posts the ante 450
3f751185: posts the ante 450
7f542d6c: posts the ante 450
e5809ddd: posts the ante 450
fd3daa6e: posts the ante 450
20a0de12: posts the ante 450
Hero: posts the ante 450
dd6cc6d5: posts the ante 450
e5809ddd: posts small blind 1,500
fd3daa6e: posts big blind 3,000
*** HOLE CARDS ***
Dealt to e5809ddd 
Dealt to fd3daa6e 
Dealt to Hero [Jd 5d]
Dealt to dd6cc6d5 
Dealt to 20a0de12 
Dealt to 71104f81 
Dealt to 7f542d6c 
Dealt to 3f751185 
Hero: folds
dd6cc6d5: folds
20a0de12: raises 3,600 to 6,600
71104f81: folds
7f542d6c: folds
3f751185: folds
e5809ddd: folds
fd3daa6e: folds
Uncalled bet (3,600) returned to 20a0de12
*** SHOWDOWN ***
20a0de12 collected 11,100 from pot
*** SUMMARY ***
Total pot 11,100 | Rake 0 | Jackpot 0 | Bingo 0 | Fortune 0 | Tax 0
Seat 1: e5809ddd (small blind) folded before Flop
Seat 2: fd3daa6e (big blind) folded before Flop
Seat 3: Hero folded before Flop
Seat 4: dd6cc6d5 folded before Flop
Seat 5: 20a0de12 collected (11,100)
Seat 6: 71104f81 folded before Flop
Seat 7: 7f542d6c folded before Flop
Seat 8: 3f751185 (button) folded before Flop


Poker Hand #TM3558968768: Tournament #156953735, Bounty Hunters Mini Big Game $2.50 Hold'em No Limit - Level8(1,500/3,000) - 2024/08/07 21:03:39
Table '257' 8-max Seat #7 is the button
Seat 1: e5809ddd (217,158 in chips)
Seat 2: fd3daa6e (161,179 in chips)
Seat 3: Hero (278,910 in chips)
Seat 4: dd6cc6d5 (86,646 in chips)
Seat 5: 20a0de12 (108,168 in chips)
Seat 6: 71104f81 (154,210 in chips)
Seat 7: 7f542d6c (214,228 in chips)
Seat 8: 3f751185 (116,775 in chips)
71104f81: posts the ante 450
3f751185: posts the ante 450
7f542d6c: posts the ante 450
e5809ddd: posts the ante 450
fd3daa6e: posts the ante 450
20a0de12: posts the ante 450
Hero: posts the ante 450
dd6cc6d5: posts the ante 450
3f751185: posts small blind 1,500
e5809ddd: posts big blind 3,000
*** HOLE CARDS ***
Dealt to e5809ddd 
Dealt to fd3daa6e 
Dealt to Hero [Kh 5c]
Dealt to dd6cc6d5 
Dealt to 20a0de12 
Dealt to 71104f81 
Dealt to 7f542d6c 
Dealt to 3f751185 
fd3daa6e: folds
Hero: folds
dd6cc6d5: folds
20a0de12: raises 3,600 to 6,600
71104f81: folds
7f542d6c: folds
3f751185: folds
e5809ddd: folds
Uncalled bet (3,600) returned to 20a0de12
*** SHOWDOWN ***
20a0de12 collected 11,100 from pot
*** SUMMARY ***
Total pot 11,100 | Rake 0 | Jackpot 0 | Bingo 0 | Fortune 0 | Tax 0
Seat 1: e5809ddd (big blind) folded before Flop
Seat 2: fd3daa6e folded before Flop
Seat 3: Hero folded before Flop
Seat 4: dd6cc6d5 folded before Flop
Seat 5: 20a0de12 collected (11,100)
Seat 6: 71104f81 folded before Flop
Seat 7: 7f542d6c (button) folded before Flop
Seat 8: 3f751185 (small blind) folded before Flop


Poker Hand #TM3558968597: Tournament #156953735, Bounty Hunters Mini Big Game $2.50 Hold'em No Limit - Level8(1,500/3,000) - 2024/08/07 20:54:26
Table '257' 8-max Seat #6 is the button
Seat 1: e5809ddd (217,608 in chips)
Seat 2: fd3daa6e (91,879 in chips)
Seat 3: Hero (279,360 in chips)
Seat 4: dd6cc6d5 (87,096 in chips)
Seat 5: 20a0de12 (108,618 in chips)
Seat 6: 71104f81 (160,660 in chips)
Seat 7: 7f542d6c (271,828 in chips)
Seat 8: 3f751185 (120,225 in chips)
71104f81: posts the ante 450
3f751185: posts the ante 450
e5809ddd: posts the ante 450
7f542d6c: posts the ante 450
fd3daa6e: posts the ante 450
20a0de12: posts the ante 450
Hero: posts the ante 450
dd6cc6d5: posts the ante 450
7f542d6c: posts small blind 1,500
3f751185: posts big blind 3,000
*** HOLE CARDS ***
Dealt to e5809ddd 
Dealt to fd3daa6e 
Dealt to Hero [2d 7c]
Dealt to dd6cc6d5 
Dealt to 20a0de12 
Dealt to 71104f81 
Dealt to 7f542d6c 
Dealt to 3f751185 
e5809ddd: folds
fd3daa6e: raises 3,000 to 6,000
Hero: folds
dd6cc6d5: folds
20a0de12: folds
71104f81: calls 6,000
7f542d6c: raises 30,000 to 36,000
3f751185: folds
fd3daa6e: calls 30,000
71104f81: folds
*** FLOP *** [8h 7s 9s]
7f542d6c: bets 21,150
fd3daa6e: raises 34,279 to 55,429 and is all-in
7f542d6c: folds
Uncalled bet (34,279) returned to fd3daa6e
*** SHOWDOWN ***
fd3daa6e collected 126,900 from pot
*** SUMMARY ***
Total pot 126,900 | Rake 0 | Jackpot 0 | Bingo 0 | Fortune 0 | Tax 0
Board [8h 7s 9s]
Seat 1: e5809ddd folded before Flop
Seat 2: fd3daa6e won (126,900)
Seat 3: Hero folded before Flop
Seat 4: dd6cc6d5 folded before Flop
Seat 5: 20a0de12 folded before Flop
Seat 6: 71104f81 (button) folded before Flop
Seat 7: 7f542d6c (small blind) folded on the Flop
Seat 8: 3f751185 (big blind) folded before Flop


Poker Hand #TM3558968546: Tournament #156953735, Bounty Hunters Mini Big Game $2.50 Hold'em No Limit - Level8(1,500/3,000) - 2024/08/07 20:53:53
Table '257' 8-max Seat #5 is the button
Seat 1: e5809ddd (218,058 in chips)
Seat 2: fd3daa6e (84,229 in chips)
Seat 3: Hero (279,810 in chips)
Seat 4: dd6cc6d5 (87,546 in chips)
Seat 5: 20a0de12 (109,068 in chips)
Seat 6: 71104f81 (162,610 in chips)
Seat 7: 7f542d6c (275,278 in chips)
Seat 8: 3f751185 (120,675 in chips)
71104f81: posts the ante 450
3f751185: posts the ante 450
e5809ddd: posts the ante 450
7f542d6c: posts the ante 450
fd3daa6e: posts the ante 450
20a0de12: posts the ante 450
Hero: posts the ante 450
dd6cc6d5: posts the ante 450
71104f81: posts small blind 1,500
7f542d6c: posts big blind 3,000
*** HOLE CARDS ***
Dealt to e5809ddd 
Dealt to fd3daa6e 
Dealt to Hero [8h 5s]
Dealt to dd6cc6d5 
Dealt to 20a0de12 
Dealt to 71104f81 
Dealt to 7f542d6c 
Dealt to 3f751185 
3f751185: folds
e5809ddd: folds
fd3daa6e: calls 3,000
Hero: folds
dd6cc6d5: folds
20a0de12: folds
71104f81: folds
7f542d6c: checks
*** FLOP *** [2h 4c Kh]
7f542d6c: checks
fd3daa6e: checks
*** TURN *** [2h 4c Kh] [4s]
7f542d6c: checks
fd3daa6e: checks
*** RIVER *** [2h 4c Kh 4s] [Ah]
7f542d6c: checks
fd3daa6e: checks
7f542d6c: shows [7s 3c] (Pair of Fours)
fd3daa6e: shows [Td 8s] (Pair of Fours)
*** SHOWDOWN ***
fd3daa6e collected 11,100 from pot
*** SUMMARY ***
Total pot 11,100 | Rake 0 | Jackpot 0 | Bingo 0 | Fortune 0 | Tax 0
Board [2h 4c Kh 4s Ah]
Seat 1: e5809ddd folded before Flop
Seat 2: fd3daa6e showed [Td 8s] and won (11,100) with Pair of Fours
Seat 3: Hero folded before Flop
Seat 4: dd6cc6d5 folded before Flop
Seat 5: 20a0de12 (button) folded before Flop
Seat 6: 71104f81 (small blind) folded before Flop
Seat 7: 7f542d6c (big blind) showed [7s 3c] and lost with Pair of Fours
Seat 8: 3f751185 folded before Flop


Poker Hand #TM3558968515: Tournament #156953735, Bounty Hunters Mini Big Game $2.50 Hold'em No Limit - Level8(1,500/3,000) - 2024/08/07 20:53:27
Table '257' 8-max Seat #4 is the button
Seat 1: e5809ddd (218,508 in chips)
Seat 2: fd3daa6e (84,679 in chips)
Seat 3: Hero (280,260 in chips)
Seat 4: dd6cc6d5 (87,996 in chips)
Seat 5: 20a0de12 (116,118 in chips)
Seat 6: 71104f81 (146,260 in chips)
Seat 7: 7f542d6c (275,728 in chips)
Seat 8: 3f751185 (127,725 in chips)
71104f81: posts the ante 450
3f751185: posts the ante 450
e5809ddd: posts the ante 450
7f542d6c: posts the ante 450
fd3daa6e: posts the ante 450
20a0de12: posts the ante 450
Hero: posts the ante 450
dd6cc6d5: posts the ante 450
20a0de12: posts small blind 1,500
71104f81: posts big blind 3,000
*** HOLE CARDS ***
Dealt to e5809ddd 
Dealt to fd3daa6e 
Dealt to Hero [4c Qd]
Dealt to dd6cc6d5 
Dealt to 20a0de12 
Dealt to 71104f81 
Dealt to 7f542d6c 
Dealt to 3f751185 
7f542d6c: folds
3f751185: raises 3,600 to 6,600
e5809ddd: folds
fd3daa6e: folds
Hero: folds
dd6cc6d5: folds
20a0de12: calls 5,100
71104f81: raises 139,210 to 145,810 and is all-in
3f751185: folds
20a0de12: folds
Uncalled bet (139,210) returned to 71104f81
71104f81: shows [Kh Kc]
*** SHOWDOWN ***
71104f81 collected 23,400 from pot
*** SUMMARY ***
Total pot 23,400 | Rake 0 | Jackpot 0 | Bingo 0 | Fortune 0 | Tax 0
Seat 1: e5809ddd folded before Flop
Seat 2: fd3daa6e folded before Flop
Seat 3: Hero folded before Flop
Seat 4: dd6cc6d5 (button) folded before Flop
Seat 5: 20a0de12 (small blind) folded before Flop
Seat 6: 71104f81 (big blind) showed [Kh Kc] and collected (23,400)
Seat 7: 7f542d6c folded before Flop
Seat 8: 3f751185 folded before Flop


Poker Hand #TM3558968481: Tournament #156953735, Bounty Hunters Mini Big Game $2.50 Hold'em No Limit - Level8(1,500/3,000) - 2024/08/07 20:53:01
Table '257' 8-max Seat #3 is the button
Seat 1: e5809ddd (218,958 in chips)
Seat 2: fd3daa6e (85,129 in chips)
Seat 3: Hero (280,710 in chips)
Seat 4: dd6cc6d5 (89,946 in chips)
Seat 5: 20a0de12 (119,568 in chips)
Seat 6: 71104f81 (138,610 in chips)
Seat 7: 7f542d6c (276,178 in chips)
Seat 8: 3f751185 (128,175 in chips)
71104f81: posts the ante 450
3f751185: posts the ante 450
e5809ddd: posts the ante 450
7f542d6c: posts the ante 450
fd3daa6e: posts the ante 450
20a0de12: posts the ante 450
Hero: posts the ante 450
dd6cc6d5: posts the ante 450
dd6cc6d5: posts small blind 1,500
20a0de12: posts big blind 3,000
*** HOLE CARDS ***
Dealt to e5809ddd 
Dealt to fd3daa6e 
Dealt to Hero [9d 2s]
Dealt to dd6cc6d5 
Dealt to 20a0de12 
Dealt to 71104f81 
Dealt to 7f542d6c 
Dealt to 3f751185 
71104f81: raises 135,160 to 138,160 and is all-in
7f542d6c: folds
3f751185: folds
e5809ddd: folds
fd3daa6e: folds
Hero: folds
dd6cc6d5: folds
20a0de12: folds
Uncalled bet (135,160) returned to 71104f81
71104f81: shows [Jd Ad]
*** SHOWDOWN ***
71104f81 collected 11,100 from pot
*** SUMMARY ***
Total pot 11,100 | Rake 0 | Jackpot 0 | Bingo 0 | Fortune 0 | Tax 0
Seat 1: e5809ddd folded before Flop
Seat 2: fd3daa6e folded before Flop
Seat 3: Hero (button) folded before Flop
Seat 4: dd6cc6d5 (small blind) folded before Flop
Seat 5: 20a0de12 (big blind) folded before Flop
Seat 6: 71104f81 showed [Jd Ad] and collected (11,100)
Seat 7: 7f542d6c folded before Flop
Seat 8: 3f751185 folded before Flop


Poker Hand #TM3558968446: Tournament #156953735, Bounty Hunters Mini Big Game $2.50 Hold'em No Limit - Level8(1,500/3,000) - 2024/08/07 20:52:33
Table '257' 8-max Seat #2 is the button
Seat 1: e5809ddd (219,408 in chips)
Seat 2: fd3daa6e (70,879 in chips)
Seat 3: Hero (282,660 in chips)
Seat 4: dd6cc6d5 (93,396 in chips)
Seat 5: 20a0de12 (120,018 in chips)
Seat 6: 71104f81 (139,060 in chips)
Seat 7: 7f542d6c (276,628 in chips)
Seat 8: 3f751185 (135,225 in chips)
71104f81: posts the ante 450
3f751185: posts the ante 450
e5809ddd: posts the ante 450
7f542d6c: posts the ante 450
fd3daa6e: posts the ante 450
20a0de12: posts the ante 450
Hero: posts the ante 450
dd6cc6d5: posts the ante 450
Hero: posts small blind 1,500
dd6cc6d5: posts big blind 3,000
*** HOLE CARDS ***
Dealt to e5809ddd 
Dealt to fd3daa6e 
Dealt to Hero [6h 5s]
Dealt to dd6cc6d5 
Dealt to 20a0de12 
Dealt to 71104f81 
Dealt to 7f542d6c 
Dealt to 3f751185 
20a0de12: folds
71104f81: folds
7f542d6c: folds
3f751185: raises 3,600 to 6,600
e5809ddd: folds
fd3daa6e: raises 63,829 to 70,429 and is all-in
Hero: folds
dd6cc6d5: folds
3f751185: folds
Uncalled bet (63,829) returned to fd3daa6e
*** SHOWDOWN ***
fd3daa6e collected 21,300 from pot
*** SUMMARY ***
Total pot 21,300 | Rake 0 | Jackpot 0 | Bingo 0 | Fortune 0 | Tax 0
Seat 1: e5809ddd folded before Flop
Seat 2: fd3daa6e (button) collected (21,300)
Seat 3: Hero (small blind) folded before Flop
Seat 4: dd6cc6d5 (big blind) folded before Flop
Seat 5: 20a0de12 folded before Flop
Seat 6: 71104f81 folded before Flop
Seat 7: 7f542d6c folded before Flop
Seat 8: 3f751185 folded before Flop


Poker Hand #TM3558968378: Tournament #156953735, Bounty Hunters Mini Big Game $2.50 Hold'em No Limit - Level8(1,500/3,000) - 2024/08/07 20:51:50
Table '257' 8-max Seat #1 is the button
Seat 1: e5809ddd (219,858 in chips)
Seat 2: fd3daa6e (85,429 in chips)
Seat 3: Hero (286,110 in chips)
Seat 4: dd6cc6d5 (93,846 in chips)
Seat 5: 20a0de12 (120,468 in chips)
Seat 6: 71104f81 (118,810 in chips)
Seat 7: 7f542d6c (277,078 in chips)
Seat 8: 3f751185 (135,675 in chips)
71104f81: posts the ante 450
3f751185: posts the ante 450
e5809ddd: posts the ante 450
7f542d6c: posts the ante 450
fd3daa6e: posts the ante 450
20a0de12: posts the ante 450
Hero: posts the ante 450
dd6cc6d5: posts the ante 450
fd3daa6e: posts small blind 1,500
Hero: posts big blind 3,000
*** HOLE CARDS ***
Dealt to e5809ddd 
Dealt to fd3daa6e 
Dealt to Hero [9c 6s]
Dealt to dd6cc6d5 
Dealt to 20a0de12 
Dealt to 71104f81 
Dealt to 7f542d6c 
Dealt to 3f751185 
dd6cc6d5: folds
20a0de12: folds
71104f81: raises 11,100 to 14,100
7f542d6c: folds
3f751185: folds
e5809ddd: folds
fd3daa6e: calls 12,600
Hero: folds
*** FLOP *** [Jh 4d Ac]
fd3daa6e: checks
71104f81: checks
*** TURN *** [Jh 4d Ac] [8s]
fd3daa6e: checks
71104f81: checks
*** RIVER *** [Jh 4d Ac 8s] [5h]
fd3daa6e: checks
71104f81: checks
fd3daa6e: shows [Td 3d] (Ace-High)
71104f81: shows [Kd Ks] (Pair of Kings)
*** SHOWDOWN ***
71104f81 collected 34,800 from pot
*** SUMMARY ***
Total pot 34,800 | Rake 0 | Jackpot 0 | Bingo 0 | Fortune 0 | Tax 0
Board [Jh 4d Ac 8s 5h]
Seat 1: e5809ddd (button) folded before Flop
Seat 2: fd3daa6e (small blind) showed [Td 3d] and lost with Ace-High
Seat 3: Hero (big blind) folded before Flop
Seat 4: dd6cc6d5 folded before Flop
Seat 5: 20a0de12 folded before Flop
Seat 6: 71104f81 showed [Kd Ks] and won (34,800) with Pair of Kings
Seat 7: 7f542d6c folded before Flop
Seat 8: 3f751185 folded before Flop


Poker Hand #TM3558968282: Tournament #156953735, Bounty Hunters Mini Big Game $2.50 Hold'em No Limit - Level8(1,500/3,000) - 2024/08/07 20:50:30
Table '257' 8-max Seat #8 is the button
Seat 1: e5809ddd (157,008 in chips)
Seat 2: fd3daa6e (145,579 in chips)
Seat 3: Hero (286,560 in chips)
Seat 4: dd6cc6d5 (94,296 in chips)
Seat 5: 20a0de12 (120,918 in chips)
Seat 6: 71104f81 (119,260 in chips)
Seat 7: 7f542d6c (277,528 in chips)
Seat 8: 3f751185 (136,125 in chips)
71104f81: posts the ante 450
3f751185: posts the ante 450
7f542d6c: posts the ante 450
e5809ddd: posts the ante 450
fd3daa6e: posts the ante 450
20a0de12: posts the ante 450
Hero: posts the ante 450
dd6cc6d5: posts the ante 450
e5809ddd: posts small blind 1,500
fd3daa6e: posts big blind 3,000
*** HOLE CARDS ***
Dealt to e5809ddd 
Dealt to fd3daa6e 
Dealt to Hero [Kd 5d]
Dealt to dd6cc6d5 
Dealt to 20a0de12 
Dealt to 71104f81 
Dealt to 7f542d6c 
Dealt to 3f751185 
Hero: folds
dd6cc6d5: folds
20a0de12: folds
71104f81: folds
7f542d6c: folds
3f751185: folds
e5809ddd: raises 7,500 to 10,500
fd3daa6e: calls 7,500
*** FLOP *** [7h 8h Ah]
e5809ddd: bets 12,300
fd3daa6e: calls 12,300
*** TURN *** [7h 8h Ah] [9c]
e5809ddd: bets 36,900
fd3daa6e: calls 36,900
*** RIVER *** [7h 8h Ah 9c] [3s]
e5809ddd: bets 96,858 and is all-in
fd3daa6e: folds
Uncalled bet (96,858) returned to e5809ddd
*** SHOWDOWN ***
e5809ddd collected 123,000 from pot
*** SUMMARY ***
Total pot 123,000 | Rake 0 | Jackpot 0 | Bingo 0 | Fortune 0 | Tax 0
Board [7h 8h Ah 9c 3s]
Seat 1: e5809ddd (small blind) won (123,000)
Seat 2: fd3daa6e (big blind) folded on the River
Seat 3: Hero folded before Flop
Seat 4: dd6cc6d5 folded before Flop
Seat 5: 20a0de12 folded before Flop
Seat 6: 71104f81 folded before Flop
Seat 7: 7f542d6c folded before Flop
Seat 8: 3f751185 (button) folded before Flop


Poker Hand #TM3558968212: Tournament #156953735, Bounty Hunters Mini Big Game $2.50 Hold'em No Limit - Level8(1,500/3,000) - 2024/08/07 20:49:33
Table '257' 8-max Seat #7 is the button
Seat 1: e5809ddd (160,458 in chips)
Seat 2: fd3daa6e (115,336 in chips)
Seat 3: Hero (287,010 in chips)
Seat 4: dd6cc6d5 (94,746 in chips)
Seat 5: 20a0de12 (121,368 in chips)
Seat 6: 71104f81 (119,710 in chips)
Seat 7: 7f542d6c (300,571 in chips)
Seat 8: 3f751185 (138,075 in chips)
71104f81: posts the ante 450
3f751185: posts the ante 450
7f542d6c: posts the ante 450
e5809ddd: posts the ante 450
fd3daa6e: posts the ante 450
20a0de12: posts the ante 450
Hero: posts the ante 450
dd6cc6d5: posts the ante 450
3f751185: posts small blind 1,500
e5809ddd: posts big blind 3,000
*** HOLE CARDS ***
Dealt to e5809ddd 
Dealt to fd3daa6e 
Dealt to Hero [3h Ts]
Dealt to dd6cc6d5 
Dealt to 20a0de12 
Dealt to 71104f81 
Dealt to 7f542d6c 
Dealt to 3f751185 
fd3daa6e: calls 3,000
Hero: folds
dd6cc6d5: folds
20a0de12: folds
71104f81: folds
7f542d6c: raises 9,000 to 12,000
3f751185: folds
e5809ddd: folds
fd3daa6e: calls 9,000
*** FLOP *** [2h 5c Qs]
fd3daa6e: checks
7f542d6c: bets 10,593
fd3daa6e: calls 10,593
*** TURN *** [2h 5c Qs] [9h]
fd3daa6e: checks
7f542d6c: checks
*** RIVER *** [2h 5c Qs 9h] [Jc]
fd3daa6e: bets 39,965
7f542d6c: folds
Uncalled bet (39,965) returned to fd3daa6e
*** SHOWDOWN ***
fd3daa6e collected 53,286 from pot
*** SUMMARY ***
Total pot 53,286 | Rake 0 | Jackpot 0 | Bingo 0 | Fortune 0 | Tax 0
Board [2h 5c Qs 9h Jc]
Seat 1: e5809ddd (big blind) folded before Flop
Seat 2: fd3daa6e won (53,286)
Seat 3: Hero folded before Flop
Seat 4: dd6cc6d5 folded before Flop
Seat 5: 20a0de12 folded before Flop
Seat 6: 71104f81 folded before Flop
Seat 7: 7f542d6c (button) folded on the River
Seat 8: 3f751185 (small blind) folded before Flop


Poker Hand #TM3558968100: Tournament #156953735, Bounty Hunters Mini Big Game $2.50 Hold'em No Limit - Level8(1,500/3,000) - 2024/08/07 20:48:05
Table '257' 8-max Seat #6 is the button
Seat 1: e5809ddd (160,908 in chips)
Seat 2: fd3daa6e (118,786 in chips)
Seat 3: Hero (287,460 in chips)
Seat 4: dd6cc6d5 (95,196 in chips)
Seat 5: 20a0de12 (121,818 in chips)
Seat 6: 71104f81 (151,735 in chips)
Seat 7: 7f542d6c (302,521 in chips)
Seat 8: 3f751185 (98,850 in chips)
71104f81: posts the ante 450
3f751185: posts the ante 450
e5809ddd: posts the ante 450
7f542d6c: posts the ante 450
fd3daa6e: posts the ante 450
20a0de12: posts the ante 450
Hero: posts the ante 450
dd6cc6d5: posts the ante 450
7f542d6c: posts small blind 1,500
3f751185: posts big blind 3,000
*** HOLE CARDS ***
Dealt to e5809ddd 
Dealt to fd3daa6e 
Dealt to Hero [6s Tc]
Dealt to dd6cc6d5 
Dealt to 20a0de12 
Dealt to 71104f81 
Dealt to 7f542d6c 
Dealt to 3f751185 
e5809ddd: folds
fd3daa6e: calls 3,000
Hero: folds
dd6cc6d5: folds
20a0de12: folds
71104f81: calls 3,000
7f542d6c: folds
3f751185: checks
*** FLOP *** [4d Qd 4c]
3f751185: checks
fd3daa6e: checks
71104f81: checks
*** TURN *** [4d Qd 4c] [3s]
3f751185: bets 10,575
fd3daa6e: folds
71104f81: calls 10,575
*** RIVER *** [4d Qd 4c 3s] [Ad]
3f751185: bets 18,000
71104f81: calls 18,000
3f751185: shows [4h 5s] (Three Fours)
71104f81: shows [5h As] (Pair of Aces and Pair of Fours)
*** SHOWDOWN ***
3f751185 collected 71,250 from pot
*** SUMMARY ***
Total pot 71,250 | Rake 0 | Jackpot 0 | Bingo 0 | Fortune 0 | Tax 0
Board [4d Qd 4c 3s Ad]
Seat 1: e5809ddd folded before Flop
Seat 2: fd3daa6e folded on the Turn
Seat 3: Hero folded before Flop
Seat 4: dd6cc6d5 folded before Flop
Seat 5: 20a0de12 folded before Flop
Seat 6: 71104f81 (button) showed [5h As] and lost with Pair of Aces and Pair of Fours
Seat 7: 7f542d6c (small blind) folded before Flop
Seat 8: 3f751185 (big blind) showed [4h 5s] and won (71,250) with Three Fours


Poker Hand #TM3558968073: Tournament #156953735, Bounty Hunters Mini Big Game $2.50 Hold'em No Limit - Level8(1,500/3,000) - 2024/08/07 20:47:41
Table '257' 8-max Seat #5 is the button
Seat 1: e5809ddd (161,358 in chips)
Seat 2: fd3daa6e (119,236 in chips)
Seat 3: Hero (287,910 in chips)
Seat 4: dd6cc6d5 (95,646 in chips)
Seat 5: 20a0de12 (122,268 in chips)
Seat 6: 71104f81 (153,685 in chips)
Seat 7: 7f542d6c (297,871 in chips)
Seat 8: 3f751185 (99,300 in chips)
71104f81: posts the ante 450
3f751185: posts the ante 450
e5809ddd: posts the ante 450
7f542d6c: posts the ante 450
fd3daa6e: posts the ante 450
20a0de12: posts the ante 450
Hero: posts the ante 450
dd6cc6d5: posts the ante 450
71104f81: posts small blind 1,500
7f542d6c: posts big blind 3,000
*** HOLE CARDS ***
Dealt to e5809ddd 
Dealt to fd3daa6e 
Dealt to Hero [2h Js]
Dealt to dd6cc6d5 
Dealt to 20a0de12 
Dealt to 71104f81 
Dealt to 7f542d6c 
Dealt to 3f751185 
3f751185: folds
e5809ddd: folds
fd3daa6e: folds
Hero: folds
dd6cc6d5: folds
20a0de12: folds
71104f81: folds
Uncalled bet (1,500) returned to 7f542d6c
*** SHOWDOWN ***
7f542d6c collected 6,600 from pot
*** SUMMARY ***
Total pot 6,600 | Rake 0 | Jackpot 0 | Bingo 0 | Fortune 0 | Tax 0
Seat 1: e5809ddd folded before Flop
Seat 2: fd3daa6e folded before Flop
Seat 3: Hero folded before Flop
Seat 4: dd6cc6d5 folded before Flop
Seat 5: 20a0de12 (button) folded before Flop
Seat 6: 71104f81 (small blind) folded before Flop
Seat 7: 7f542d6c (big blind) collected (6,600)
Seat 8: 3f751185 folded before Flop


Poker Hand #TM3558968004: Tournament #156953735, Bounty Hunters Mini Big Game $2.50 Hold'em No Limit - Level7(1,250/2,500) - 2024/08/07 20:46:38
Table '257' 8-max Seat #4 is the button
Seat 1: e5809ddd (161,708 in chips)
Seat 2: fd3daa6e (119,586 in chips)
Seat 3: Hero (293,260 in chips)
Seat 4: dd6cc6d5 (95,996 in chips)
Seat 5: 20a0de12 (123,868 in chips)
Seat 6: 71104f81 (156,535 in chips)
Seat 7: 7f542d6c (286,671 in chips)
Seat 8: 3f751185 (99,650 in chips)
71104f81: posts the ante 350
3f751185: posts the ante 350
e5809ddd: posts the ante 350
7f542d6c: posts the ante 350
fd3daa6e: posts the ante 350
20a0de12: posts the ante 350
Hero: posts the ante 350
dd6cc6d5: posts the ante 350
20a0de12: posts small blind 1,250
71104f81: posts big blind 2,500
*** HOLE CARDS ***
Dealt to e5809ddd 
Dealt to fd3daa6e 
Dealt to Hero [Kh Th]
Dealt to dd6cc6d5 
Dealt to 20a0de12 
Dealt to 71104f81 
Dealt to 7f542d6c 
Dealt to 3f751185 
7f542d6c: raises 2,500 to 5,000
3f751185: folds
e5809ddd: folds
fd3daa6e: folds
Hero: calls 5,000
dd6cc6d5: folds
20a0de12: folds
71104f81: folds
*** FLOP *** [Kc Ad 5s]
7f542d6c: bets 10,000
Hero: folds
Uncalled bet (10,000) returned to 7f542d6c
*** SHOWDOWN ***
7f542d6c collected 16,550 from pot
*** SUMMARY ***
Total pot 16,550 | Rake 0 | Jackpot 0 | Bingo 0 | Fortune 0 | Tax 0
Board [Kc Ad 5s]
Seat 1: e5809ddd folded before Flop
Seat 2: fd3daa6e folded before Flop
Seat 3: Hero folded on the Flop
Seat 4: dd6cc6d5 (button) folded before Flop
Seat 5: 20a0de12 (small blind) folded before Flop
Seat 6: 71104f81 (big blind) folded before Flop
Seat 7: 7f542d6c won (16,550)
Seat 8: 3f751185 folded before Flop


Poker Hand #TM3558967949: Tournament #156953735, Bounty Hunters Mini Big Game $2.50 Hold'em No Limit - Level7(1,250/2,500) - 2024/08/07 20:45:53
Table '257' 8-max Seat #3 is the button
Seat 1: e5809ddd (162,058 in chips)
Seat 2: fd3daa6e (113,386 in chips)
Seat 3: Hero (293,610 in chips)
Seat 4: dd6cc6d5 (97,596 in chips)
Seat 5: 20a0de12 (126,718 in chips)
Seat 6: 71104f81 (156,885 in chips)
Seat 7: 7f542d6c (287,021 in chips)
Seat 8: 3f751185 (100,000 in chips)
71104f81: posts the ante 350
3f751185: posts the ante 350
e5809ddd: posts the ante 350
7f542d6c: posts the ante 350
fd3daa6e: posts the ante 350
20a0de12: posts the ante 350
Hero: posts the ante 350
dd6cc6d5: posts the ante 350
dd6cc6d5: posts small blind 1,250
20a0de12: posts big blind 2,500
*** HOLE CARDS ***
Dealt to e5809ddd 
Dealt to fd3daa6e 
Dealt to Hero [7c 8h]
Dealt to dd6cc6d5 
Dealt to 20a0de12 
Dealt to 71104f81 
Dealt to 7f542d6c 
Dealt to 3f751185 
71104f81: folds
7f542d6c: folds
3f751185: folds
e5809ddd: folds
fd3daa6e: raises 5,000 to 7,500
Hero: folds
dd6cc6d5: folds
20a0de12: folds
Uncalled bet (5,000) returned to fd3daa6e
*** SHOWDOWN ***
fd3daa6e collected 9,050 from pot
*** SUMMARY ***
Total pot 9,050 | Rake 0 | Jackpot 0 | Bingo 0 | Fortune 0 | Tax 0
Seat 1: e5809ddd folded before Flop
Seat 2: fd3daa6e collected (9,050)
Seat 3: Hero (button) folded before Flop
Seat 4: dd6cc6d5 (small blind) folded before Flop
Seat 5: 20a0de12 (big blind) folded before Flop
Seat 6: 71104f81 folded before Flop
Seat 7: 7f542d6c folded before Flop
Seat 8: 3f751185 folded before Flop


Poker Hand #TM3558967886: Tournament #156953735, Bounty Hunters Mini Big Game $2.50 Hold'em No Limit - Level7(1,250/2,500) - 2024/08/07 20:45:07
Table '257' 8-max Seat #2 is the button
Seat 1: e5809ddd (162,408 in chips)
Seat 2: fd3daa6e (116,236 in chips)
Seat 3: Hero (286,510 in chips)
Seat 4: dd6cc6d5 (100,446 in chips)
Seat 5: 20a0de12 (127,068 in chips)
Seat 6: 71104f81 (157,235 in chips)
Seat 7: 7f542d6c (287,371 in chips)
71104f81: posts the ante 350
e5809ddd: posts the ante 350
7f542d6c: posts the ante 350
fd3daa6e: posts the ante 350
20a0de12: posts the ante 350
Hero: posts the ante 350
dd6cc6d5: posts the ante 350
Hero: posts small blind 1,250
dd6cc6d5: posts big blind 2,500
*** HOLE CARDS ***
Dealt to e5809ddd 
Dealt to fd3daa6e 
Dealt to Hero [9h 2h]
Dealt to dd6cc6d5 
Dealt to 20a0de12 
Dealt to 71104f81 
Dealt to 7f542d6c 
20a0de12: folds
71104f81: folds
7f542d6c: folds
e5809ddd: folds
fd3daa6e: calls 2,500
Hero: calls 1,250
dd6cc6d5: checks
*** FLOP *** [Jd 8h 5h]
Hero: checks
dd6cc6d5: checks
fd3daa6e: checks
*** TURN *** [Jd 8h 5h] [9s]
Hero: bets 7,463
dd6cc6d5: folds
fd3daa6e: folds
Uncalled bet (7,463) returned to Hero
Hero: shows [9h] (Pair of Nines)
*** SHOWDOWN ***
Hero collected 9,950 from pot
*** SUMMARY ***
Total pot 9,950 | Rake 0 | Jackpot 0 | Bingo 0 | Fortune 0 | Tax 0
Board [Jd 8h 5h 9s]
Seat 1: e5809ddd folded before Flop
Seat 2: fd3daa6e (button) folded on the Turn
Seat 3: Hero (small blind) showed [9h] and won (9,950)
Seat 4: dd6cc6d5 (big blind) folded on the Turn
Seat 5: 20a0de12 folded before Flop
Seat 6: 71104f81 folded before Flop
Seat 7: 7f542d6c folded before Flop


Poker Hand #TM3558967766: Tournament #156953735, Bounty Hunters Mini Big Game $2.50 Hold'em No Limit - Level7(1,250/2,500) - 2024/08/07 20:43:29
Table '257' 8-max Seat #1 is the button
Seat 1: e5809ddd (162,758 in chips)
Seat 2: fd3daa6e (117,836 in chips)
Seat 3: Hero (93,671 in chips)
Seat 4: dd6cc6d5 (100,796 in chips)
Seat 5: 20a0de12 (220,739 in chips)
Seat 6: 71104f81 (157,585 in chips)
Seat 7: 7f542d6c (293,221 in chips)
Seat 8: d58b6ca8 (90,668 in chips)
71104f81: posts the ante 350
e5809ddd: posts the ante 350
7f542d6c: posts the ante 350
fd3daa6e: posts the ante 350
d58b6ca8: posts the ante 350
20a0de12: posts the ante 350
Hero: posts the ante 350
dd6cc6d5: posts the ante 350
fd3daa6e: posts small blind 1,250
Hero: posts big blind 2,500
*** HOLE CARDS ***
Dealt to e5809ddd 
Dealt to fd3daa6e 
Dealt to Hero [Ac Ad]
Dealt to dd6cc6d5 
Dealt to 20a0de12 
Dealt to 71104f81 
Dealt to 7f542d6c 
Dealt to d58b6ca8 
dd6cc6d5: folds
20a0de12: raises 3,000 to 5,500
71104f81: folds
7f542d6c: calls 5,500
d58b6ca8: calls 5,500
e5809ddd: folds
fd3daa6e: folds
Hero: raises 19,538 to 25,038
20a0de12: calls 19,538
7f542d6c: folds
d58b6ca8: calls 19,538
*** FLOP *** [8c 2d Th]
Hero: bets 27,940
20a0de12: calls 27,940
d58b6ca8: raises 37,340 to 65,280 and is all-in
Hero: raises 3,003 to 68,283 and is all-in
20a0de12: calls 40,343
Hero: shows [Ac Ad] (Pair of Aces)
20a0de12: shows [As Tc] (Pair of Tens)
d58b6ca8: shows [8s 7s] (Pair of Eights)
*** TURN *** [8c 2d Th] [4c]
*** RIVER *** [8c 2d Th 4c] [Jh]
*** SHOWDOWN ***
Hero collected 280,504 from pot
Hero collected 6,006 from pot
*** SUMMARY ***
Total pot 286,510 | Rake 0 | Jackpot 0 | Bingo 0 | Fortune 0 | Tax 0
Board [8c 2d Th 4c Jh]
Seat 1: e5809ddd (button) folded before Flop
Seat 2: fd3daa6e (small blind) folded before Flop
Seat 3: Hero (big blind) showed [Ac Ad] and won (286,510) with Pair of Aces
Seat 4: dd6cc6d5 folded before Flop
Seat 5: 20a0de12 showed [As Tc] and lost with Pair of Tens
Seat 6: 71104f81 folded before Flop
Seat 7: 7f542d6c folded before Flop
Seat 8: d58b6ca8 showed [8s 7s] and lost with Pair of Eights


Poker Hand #TM3558967676: Tournament #156953735, Bounty Hunters Mini Big Game $2.50 Hold'em No Limit - Level7(1,250/2,500) - 2024/08/07 20:42:21
Table '257' 8-max Seat #8 is the button
Seat 1: e5809ddd (164,358 in chips)
Seat 2: fd3daa6e (132,711 in chips)
Seat 3: Hero (94,021 in chips)
Seat 4: dd6cc6d5 (101,146 in chips)
Seat 5: 20a0de12 (221,089 in chips)
Seat 6: 71104f81 (157,935 in chips)
Seat 7: 7f542d6c (293,571 in chips)
Seat 8: d58b6ca8 (72,443 in chips)
71104f81: posts the ante 350
7f542d6c: posts the ante 350
e5809ddd: posts the ante 350
fd3daa6e: posts the ante 350
d58b6ca8: posts the ante 350
20a0de12: posts the ante 350
Hero: posts the ante 350
dd6cc6d5: posts the ante 350
e5809ddd: posts small blind 1,250
fd3daa6e: posts big blind 2,500
*** HOLE CARDS ***
Dealt to e5809ddd 
Dealt to fd3daa6e 
Dealt to Hero [2d 8h]
Dealt to dd6cc6d5 
Dealt to 20a0de12 
Dealt to 71104f81 
Dealt to 7f542d6c 
Dealt to d58b6ca8 
Hero: folds
dd6cc6d5: folds
20a0de12: folds
71104f81: folds
7f542d6c: folds
d58b6ca8: raises 3,750 to 6,250
e5809ddd: folds
fd3daa6e: calls 3,750
*** FLOP *** [Js 7c Qh]
fd3daa6e: checks
d58b6ca8: checks
*** TURN *** [Js 7c Qh] [As]
fd3daa6e: checks
d58b6ca8: bets 8,275
fd3daa6e: calls 8,275
*** RIVER *** [Js 7c Qh As] [Jh]
fd3daa6e: checks
d58b6ca8: checks
fd3daa6e: shows [Ts 9s] (Pair of Jacks)
d58b6ca8: shows [Ah 3h] (Pair of Aces and Pair of Jacks)
*** SHOWDOWN ***
d58b6ca8 collected 33,100 from pot
*** SUMMARY ***
Total pot 33,100 | Rake 0 | Jackpot 0 | Bingo 0 | Fortune 0 | Tax 0
Board [Js 7c Qh As Jh]
Seat 1: e5809ddd (small blind) folded before Flop
Seat 2: fd3daa6e (big blind) showed [Ts 9s] and lost with Pair of Jacks
Seat 3: Hero folded before Flop
Seat 4: dd6cc6d5 folded before Flop
Seat 5: 20a0de12 folded before Flop
Seat 6: 71104f81 folded before Flop
Seat 7: 7f542d6c folded before Flop
Seat 8: d58b6ca8 (button) showed [Ah 3h] and won (33,100) with Pair of Aces and Pair of Jacks


Poker Hand #TM3558967542: Tournament #156953735, Bounty Hunters Mini Big Game $2.50 Hold'em No Limit - Level7(1,250/2,500) - 2024/08/07 20:40:24
Table '257' 8-max Seat #7 is the button
Seat 1: e5809ddd (167,208 in chips)
Seat 2: fd3daa6e (133,061 in chips)
Seat 3: Hero (94,371 in chips)
Seat 4: dd6cc6d5 (101,496 in chips)
Seat 5: 20a0de12 (221,439 in chips)
Seat 6: 71104f81 (158,285 in chips)
Seat 7: 7f542d6c (302,746 in chips)
Seat 8: d58b6ca8 (58,668 in chips)
71104f81: posts the ante 350
7f542d6c: posts the ante 350
e5809ddd: posts the ante 350
fd3daa6e: posts the ante 350
20a0de12: posts the ante 350
d58b6ca8: posts the ante 350
Hero: posts the ante 350
dd6cc6d5: posts the ante 350
d58b6ca8: posts small blind 1,250
e5809ddd: posts big blind 2,500
*** HOLE CARDS ***
Dealt to e5809ddd 
Dealt to fd3daa6e 
Dealt to Hero [7h 6c]
Dealt to dd6cc6d5 
Dealt to 20a0de12 
Dealt to 71104f81 
Dealt to 7f542d6c 
Dealt to d58b6ca8 
fd3daa6e: folds
Hero: folds
dd6cc6d5: folds
20a0de12: folds
71104f81: folds
7f542d6c: raises 2,500 to 5,000
d58b6ca8: calls 3,750
e5809ddd: folds
*** FLOP *** [Jd 9s 9c]
d58b6ca8: checks
7f542d6c: bets 3,825
d58b6ca8: raises 10,074 to 13,899
7f542d6c: folds
Uncalled bet (10,074) returned to d58b6ca8
*** SHOWDOWN ***
d58b6ca8 collected 22,950 from pot
*** SUMMARY ***
Total pot 22,950 | Rake 0 | Jackpot 0 | Bingo 0 | Fortune 0 | Tax 0
Board [Jd 9s 9c]
Seat 1: e5809ddd (big blind) folded before Flop
Seat 2: fd3daa6e folded before Flop
Seat 3: Hero folded before Flop
Seat 4: dd6cc6d5 folded before Flop
Seat 5: 20a0de12 folded before Flop
Seat 6: 71104f81 folded before Flop
Seat 7: 7f542d6c (button) folded on the Flop
Seat 8: d58b6ca8 (small blind) won (22,950)


Poker Hand #TM3558967504: Tournament #156953735, Bounty Hunters Mini Big Game $2.50 Hold'em No Limit - Level7(1,250/2,500) - 2024/08/07 20:39:58
Table '257' 8-max Seat #6 is the button
Seat 1: e5809ddd (167,558 in chips)
Seat 2: fd3daa6e (133,411 in chips)
Seat 3: Hero (94,721 in chips)
Seat 4: dd6cc6d5 (95,296 in chips)
Seat 5: 20a0de12 (221,789 in chips)
Seat 6: 71104f81 (158,635 in chips)
Seat 7: 7f542d6c (304,346 in chips)
Seat 8: d58b6ca8 (61,518 in chips)
71104f81: posts the ante 350
e5809ddd: posts the ante 350
7f542d6c: posts the ante 350
fd3daa6e: posts the ante 350
20a0de12: posts the ante 350
d58b6ca8: posts the ante 350
Hero: posts the ante 350
dd6cc6d5: posts the ante 350
7f542d6c: posts small blind 1,250
d58b6ca8: posts big blind 2,500
*** HOLE CARDS ***
Dealt to e5809ddd 
Dealt to fd3daa6e 
Dealt to Hero [7h Jd]
Dealt to dd6cc6d5 
Dealt to 20a0de12 
Dealt to 71104f81 
Dealt to 7f542d6c 
Dealt to d58b6ca8 
e5809ddd: folds
fd3daa6e: folds
Hero: folds
dd6cc6d5: raises 2,500 to 5,000
20a0de12: folds
71104f81: folds
7f542d6c: folds
d58b6ca8: folds
Uncalled bet (2,500) returned to dd6cc6d5
*** SHOWDOWN ***
dd6cc6d5 collected 9,050 from pot
*** SUMMARY ***
Total pot 9,050 | Rake 0 | Jackpot 0 | Bingo 0 | Fortune 0 | Tax 0
Seat 1: e5809ddd folded before Flop
Seat 2: fd3daa6e folded before Flop
Seat 3: Hero folded before Flop
Seat 4: dd6cc6d5 collected (9,050)
Seat 5: 20a0de12 folded before Flop
Seat 6: 71104f81 (button) folded before Flop
Seat 7: 7f542d6c (small blind) folded before Flop
Seat 8: d58b6ca8 (big blind) folded before Flop


Poker Hand #TM3558967466: Tournament #156953735, Bounty Hunters Mini Big Game $2.50 Hold'em No Limit - Level7(1,250/2,500) - 2024/08/07 20:39:29
Table '257' 8-max Seat #5 is the button
Seat 1: e5809ddd (167,908 in chips)
Seat 2: fd3daa6e (133,761 in chips)
Seat 3: Hero (95,071 in chips)
Seat 4: dd6cc6d5 (95,646 in chips)
Seat 5: 20a0de12 (222,139 in chips)
Seat 6: 71104f81 (160,235 in chips)
Seat 7: 7f542d6c (307,196 in chips)
Seat 8: d58b6ca8 (55,318 in chips)
71104f81: posts the ante 350
e5809ddd: posts the ante 350
7f542d6c: posts the ante 350
fd3daa6e: posts the ante 350
20a0de12: posts the ante 350
d58b6ca8: posts the ante 350
Hero: posts the ante 350
dd6cc6d5: posts the ante 350
71104f81: posts small blind 1,250
7f542d6c: posts big blind 2,500
*** HOLE CARDS ***
Dealt to e5809ddd 
Dealt to fd3daa6e 
Dealt to Hero [Jh 9d]
Dealt to dd6cc6d5 
Dealt to 20a0de12 
Dealt to 71104f81 
Dealt to 7f542d6c 
Dealt to d58b6ca8 
d58b6ca8: raises 2,500 to 5,000
e5809ddd: folds
fd3daa6e: folds
Hero: folds
dd6cc6d5: folds
20a0de12: folds
71104f81: folds
7f542d6c: folds
Uncalled bet (2,500) returned to d58b6ca8
*** SHOWDOWN ***
d58b6ca8 collected 9,050 from pot
*** SUMMARY ***
Total pot 9,050 | Rake 0 | Jackpot 0 | Bingo 0 | Fortune 0 | Tax 0
Seat 1: e5809ddd folded before Flop
Seat 2: fd3daa6e folded before Flop
Seat 3: Hero folded before Flop
Seat 4: dd6cc6d5 folded before Flop
Seat 5: 20a0de12 (button) folded before Flop
Seat 6: 71104f81 (small blind) folded before Flop
Seat 7: 7f542d6c (big blind) folded before Flop
Seat 8: d58b6ca8 collected (9,050)


Poker Hand #TM3558967415: Tournament #156953735, Bounty Hunters Mini Big Game $2.50 Hold'em No Limit - Level7(1,250/2,500) - 2024/08/07 20:38:43
Table '257' 8-max Seat #4 is the button
Seat 1: e5809ddd (173,258 in chips)
Seat 2: fd3daa6e (134,111 in chips)
Seat 3: Hero (95,421 in chips)
Seat 4: dd6cc6d5 (95,996 in chips)
Seat 5: 20a0de12 (223,739 in chips)
Seat 6: 71104f81 (163,085 in chips)
Seat 7: 7f542d6c (295,996 in chips)
Seat 8: d58b6ca8 (55,668 in chips)
71104f81: posts the ante 350
e5809ddd: posts the ante 350
7f542d6c: posts the ante 350
fd3daa6e: posts the ante 350
d58b6ca8: posts the ante 350
20a0de12: posts the ante 350
Hero: posts the ante 350
dd6cc6d5: posts the ante 350
20a0de12: posts small blind 1,250
71104f81: posts big blind 2,500
*** HOLE CARDS ***
Dealt to e5809ddd 
Dealt to fd3daa6e 
Dealt to Hero [Td 6s]
Dealt to dd6cc6d5 
Dealt to 20a0de12 
Dealt to 71104f81 
Dealt to 7f542d6c 
Dealt to d58b6ca8 
7f542d6c: raises 2,500 to 5,000
d58b6ca8: folds
e5809ddd: calls 5,000
fd3daa6e: folds
Hero: folds
dd6cc6d5: folds
20a0de12: folds
71104f81: folds
*** FLOP *** [7s 8c 3d]
7f542d6c: checks
e5809ddd: checks
*** TURN *** [7s 8c 3d] [4d]
7f542d6c: bets 13,240
e5809ddd: folds
Uncalled bet (13,240) returned to 7f542d6c
*** SHOWDOWN ***
7f542d6c collected 16,550 from pot
*** SUMMARY ***
Total pot 16,550 | Rake 0 | Jackpot 0 | Bingo 0 | Fortune 0 | Tax 0
Board [7s 8c 3d 4d]
Seat 1: e5809ddd folded on the Turn
Seat 2: fd3daa6e folded before Flop
Seat 3: Hero folded before Flop
Seat 4: dd6cc6d5 (button) folded before Flop
Seat 5: 20a0de12 (small blind) folded before Flop
Seat 6: 71104f81 (big blind) folded before Flop
Seat 7: 7f542d6c won (16,550)
Seat 8: d58b6ca8 folded before Flop


Poker Hand #TM3558967354: Tournament #156953735, Bounty Hunters Mini Big Game $2.50 Hold'em No Limit - Level7(1,250/2,500) - 2024/08/07 20:37:48
Table '257' 8-max Seat #3 is the button
Seat 1: e5809ddd (173,608 in chips)
Seat 2: fd3daa6e (134,461 in chips)
Seat 3: Hero (95,771 in chips)
Seat 4: dd6cc6d5 (88,472 in chips)
Seat 5: 20a0de12 (229,163 in chips)
Seat 6: 71104f81 (163,435 in chips)
Seat 7: 7f542d6c (296,346 in chips)
Seat 8: d58b6ca8 (56,018 in chips)
71104f81: posts the ante 350
e5809ddd: posts the ante 350
7f542d6c: posts the ante 350
fd3daa6e: posts the ante 350
d58b6ca8: posts the ante 350
20a0de12: posts the ante 350
Hero: posts the ante 350
dd6cc6d5: posts the ante 350
dd6cc6d5: posts small blind 1,250
20a0de12: posts big blind 2,500
*** HOLE CARDS ***
Dealt to e5809ddd 
Dealt to fd3daa6e 
Dealt to Hero [Td 8h]
Dealt to dd6cc6d5 
Dealt to 20a0de12 
Dealt to 71104f81 
Dealt to 7f542d6c 
Dealt to d58b6ca8 
71104f81: folds
7f542d6c: folds
d58b6ca8: folds
e5809ddd: folds
fd3daa6e: folds
Hero: folds
dd6cc6d5: calls 1,250
20a0de12: raises 2,574 to 5,074
dd6cc6d5: raises 14,926 to 20,000
20a0de12: folds
Uncalled bet (14,926) returned to dd6cc6d5
*** SHOWDOWN ***
dd6cc6d5 collected 12,948 from pot
*** SUMMARY ***
Total pot 12,948 | Rake 0 | Jackpot 0 | Bingo 0 | Fortune 0 | Tax 0
Seat 1: e5809ddd folded before Flop
Seat 2: fd3daa6e folded before Flop
Seat 3: Hero (button) folded before Flop
Seat 4: dd6cc6d5 (small blind) collected (12,948)
Seat 5: 20a0de12 (big blind) folded before Flop
Seat 6: 71104f81 folded before Flop
Seat 7: 7f542d6c folded before Flop
Seat 8: d58b6ca8 folded before Flop


Poker Hand #TM3558967285: Tournament #156953735, Bounty Hunters Mini Big Game $2.50 Hold'em No Limit - Level6(1,000/2,000) - 2024/08/07 20:36:52
Table '257' 8-max Seat #2 is the button
Seat 1: e5809ddd (156,230 in chips)
Seat 2: fd3daa6e (139,161 in chips)
Seat 3: Hero (97,071 in chips)
Seat 4: dd6cc6d5 (98,650 in chips)
Seat 5: 20a0de12 (229,463 in chips)
Seat 6: 71104f81 (163,735 in chips)
Seat 7: 7f542d6c (296,646 in chips)
Seat 8: d58b6ca8 (56,318 in chips)
71104f81: posts the ante 300
e5809ddd: posts the ante 300
7f542d6c: posts the ante 300
fd3daa6e: posts the ante 300
d58b6ca8: posts the ante 300
20a0de12: posts the ante 300
Hero: posts the ante 300
dd6cc6d5: posts the ante 300
Hero: posts small blind 1,000
dd6cc6d5: posts big blind 2,000
*** HOLE CARDS ***
Dealt to e5809ddd 
Dealt to fd3daa6e 
Dealt to Hero [3d 5h]
Dealt to dd6cc6d5 
Dealt to 20a0de12 
Dealt to 71104f81 
Dealt to 7f542d6c 
Dealt to d58b6ca8 
20a0de12: folds
71104f81: folds
7f542d6c: folds
d58b6ca8: folds
e5809ddd: raises 2,400 to 4,400
fd3daa6e: calls 4,400
Hero: folds
dd6cc6d5: calls 2,400
*** FLOP *** [Qc 7h Js]
dd6cc6d5: checks
e5809ddd: bets 5,478
fd3daa6e: folds
dd6cc6d5: calls 5,478
*** TURN *** [Qc 7h Js] [6d]
dd6cc6d5: checks
e5809ddd: checks
*** RIVER *** [Qc 7h Js 6d] [As]
dd6cc6d5: checks
e5809ddd: bets 20,667
dd6cc6d5: folds
Uncalled bet (20,667) returned to e5809ddd
fd3daa6e: shows [4h] (Ace-High)
*** SHOWDOWN ***
e5809ddd collected 27,556 from pot
*** SUMMARY ***
Total pot 27,556 | Rake 0 | Jackpot 0 | Bingo 0 | Fortune 0 | Tax 0
Board [Qc 7h Js 6d As]
Seat 1: e5809ddd won (27,556)
Seat 2: fd3daa6e (button) folded on the Flop
Seat 3: Hero (small blind) folded before Flop
Seat 4: dd6cc6d5 (big blind) folded on the River
Seat 5: 20a0de12 folded before Flop
Seat 6: 71104f81 folded before Flop
Seat 7: 7f542d6c folded before Flop
Seat 8: d58b6ca8 folded before Flop


Poker Hand #TM3558967241: Tournament #156953735, Bounty Hunters Mini Big Game $2.50 Hold'em No Limit - Level6(1,000/2,000) - 2024/08/07 20:36:17
Table '257' 8-max Seat #1 is the button
Seat 1: e5809ddd (151,130 in chips)
Seat 2: fd3daa6e (140,461 in chips)
Seat 3: Hero (99,371 in chips)
Seat 4: dd6cc6d5 (98,950 in chips)
Seat 5: 20a0de12 (229,763 in chips)
Seat 6: 71104f81 (164,035 in chips)
Seat 7: 7f542d6c (296,946 in chips)
Seat 8: d58b6ca8 (56,618 in chips)
71104f81: posts the ante 300
e5809ddd: posts the ante 300
7f542d6c: posts the ante 300
fd3daa6e: posts the ante 300
d58b6ca8: posts the ante 300
20a0de12: posts the ante 300
Hero: posts the ante 300
dd6cc6d5: posts the ante 300
fd3daa6e: posts small blind 1,000
Hero: posts big blind 2,000
*** HOLE CARDS ***
Dealt to e5809ddd 
Dealt to fd3daa6e 
Dealt to Hero [Qh 6s]
Dealt to dd6cc6d5 
Dealt to 20a0de12 
Dealt to 71104f81 
Dealt to 7f542d6c 
Dealt to d58b6ca8 
dd6cc6d5: folds
20a0de12: folds
71104f81: folds
7f542d6c: folds
d58b6ca8: folds
e5809ddd: raises 2,400 to 4,400
fd3daa6e: folds
Hero: folds
Uncalled bet (2,400) returned to e5809ddd
*** SHOWDOWN ***
e5809ddd collected 7,400 from pot
*** SUMMARY ***
Total pot 7,400 | Rake 0 | Jackpot 0 | Bingo 0 | Fortune 0 | Tax 0
Seat 1: e5809ddd (button) collected (7,400)
Seat 2: fd3daa6e (small blind) folded before Flop
Seat 3: Hero (big blind) folded before Flop
Seat 4: dd6cc6d5 folded before Flop
Seat 5: 20a0de12 folded before Flop
Seat 6: 71104f81 folded before Flop
Seat 7: 7f542d6c folded before Flop
Seat 8: d58b6ca8 folded before Flop


Poker Hand #TM3558967150: Tournament #156953735, Bounty Hunters Mini Big Game $2.50 Hold'em No Limit - Level6(1,000/2,000) - 2024/08/07 20:34:56
Table '257' 8-max Seat #8 is the button
Seat 1: e5809ddd (156,430 in chips)
Seat 2: fd3daa6e (124,011 in chips)
Seat 3: Hero (99,671 in chips)
Seat 4: dd6cc6d5 (99,250 in chips)
Seat 5: 20a0de12 (230,063 in chips)
Seat 6: 71104f81 (164,335 in chips)
Seat 7: 7f542d6c (297,246 in chips)
Seat 8: d58b6ca8 (66,268 in chips)
71104f81: posts the ante 300
7f542d6c: posts the ante 300
e5809ddd: posts the ante 300
fd3daa6e: posts the ante 300
d58b6ca8: posts the ante 300
20a0de12: posts the ante 300
Hero: posts the ante 300
dd6cc6d5: posts the ante 300
e5809ddd: posts small blind 1,000
fd3daa6e: posts big blind 2,000
*** HOLE CARDS ***
Dealt to e5809ddd 
Dealt to fd3daa6e 
Dealt to Hero [5s Td]
Dealt to dd6cc6d5 
Dealt to 20a0de12 
Dealt to 71104f81 
Dealt to 7f542d6c 
Dealt to d58b6ca8 
Hero: folds
dd6cc6d5: folds
20a0de12: folds
71104f81: folds
7f542d6c: folds
d58b6ca8: raises 3,000 to 5,000
e5809ddd: calls 4,000
fd3daa6e: calls 3,000
*** FLOP *** [8s 8c 4d]
e5809ddd: checks
fd3daa6e: checks
d58b6ca8: checks
*** TURN *** [8s 8c 4d] [2d]
e5809ddd: checks
fd3daa6e: checks
d58b6ca8: bets 4,350
e5809ddd: folds
fd3daa6e: calls 4,350
*** RIVER *** [8s 8c 4d 2d] [Ts]
fd3daa6e: checks
d58b6ca8: checks
fd3daa6e: shows [Jd 2h] (Pair of Eights and Pair of Twos)
d58b6ca8: shows [5h Ac] (Pair of Eights)
*** SHOWDOWN ***
fd3daa6e collected 26,100 from pot
*** SUMMARY ***
Total pot 26,100 | Rake 0 | Jackpot 0 | Bingo 0 | Fortune 0 | Tax 0
Board [8s 8c 4d 2d Ts]
Seat 1: e5809ddd (small blind) folded on the Turn
Seat 2: fd3daa6e (big blind) showed [Jd 2h] and won (26,100) with Pair of Eights and Pair of Twos
Seat 3: Hero folded before Flop
Seat 4: dd6cc6d5 folded before Flop
Seat 5: 20a0de12 folded before Flop
Seat 6: 71104f81 folded before Flop
Seat 7: 7f542d6c folded before Flop
Seat 8: d58b6ca8 (button) showed [5h Ac] and lost with Pair of Eights


Poker Hand #TM3558967106: Tournament #156953735, Bounty Hunters Mini Big Game $2.50 Hold'em No Limit - Level6(1,000/2,000) - 2024/08/07 20:34:23
Table '257' 8-max Seat #7 is the button
Seat 1: e5809ddd (158,730 in chips)
Seat 2: fd3daa6e (124,311 in chips)
Seat 3: Hero (94,571 in chips)
Seat 4: dd6cc6d5 (99,550 in chips)
Seat 5: 20a0de12 (230,363 in chips)
Seat 6: 71104f81 (164,635 in chips)
Seat 7: 7f542d6c (297,546 in chips)
Seat 8: d58b6ca8 (67,568 in chips)
71104f81: posts the ante 300
7f542d6c: posts the ante 300
e5809ddd: posts the ante 300
fd3daa6e: posts the ante 300
20a0de12: posts the ante 300
d58b6ca8: posts the ante 300
Hero: posts the ante 300
dd6cc6d5: posts the ante 300
d58b6ca8: posts small blind 1,000
e5809ddd: posts big blind 2,000
*** HOLE CARDS ***
Dealt to e5809ddd 
Dealt to fd3daa6e 
Dealt to Hero [Qd Ah]
Dealt to dd6cc6d5 
Dealt to 20a0de12 
Dealt to 71104f81 
Dealt to 7f542d6c 
Dealt to d58b6ca8 
fd3daa6e: folds
Hero: raises 4,000 to 6,000
dd6cc6d5: folds
20a0de12: folds
71104f81: folds
7f542d6c: folds
d58b6ca8: folds
e5809ddd: folds
Uncalled bet (4,000) returned to Hero
*** SHOWDOWN ***
Hero collected 7,400 from pot
*** SUMMARY ***
Total pot 7,400 | Rake 0 | Jackpot 0 | Bingo 0 | Fortune 0 | Tax 0
Seat 1: e5809ddd (big blind) folded before Flop
Seat 2: fd3daa6e folded before Flop
Seat 3: Hero collected (7,400)
Seat 4: dd6cc6d5 folded before Flop
Seat 5: 20a0de12 folded before Flop
Seat 6: 71104f81 folded before Flop
Seat 7: 7f542d6c (button) folded before Flop
Seat 8: d58b6ca8 (small blind) folded before Flop


Poker Hand #TM3558967022: Tournament #156953735, Bounty Hunters Mini Big Game $2.50 Hold'em No Limit - Level6(1,000/2,000) - 2024/08/07 20:33:03
Table '257' 8-max Seat #6 is the button
Seat 1: e5809ddd (142,130 in chips)
Seat 2: fd3daa6e (124,611 in chips)
Seat 3: Hero (94,871 in chips)
Seat 4: dd6cc6d5 (99,850 in chips)
Seat 5: 20a0de12 (242,163 in chips)
Seat 6: 71104f81 (164,935 in chips)
Seat 7: 7f542d6c (298,846 in chips)
Seat 8: d58b6ca8 (69,868 in chips)
71104f81: posts the ante 300
e5809ddd: posts the ante 300
7f542d6c: posts the ante 300
fd3daa6e: posts the ante 300
20a0de12: posts the ante 300
d58b6ca8: posts the ante 300
Hero: posts the ante 300
dd6cc6d5: posts the ante 300
7f542d6c: posts small blind 1,000
d58b6ca8: posts big blind 2,000
*** HOLE CARDS ***
Dealt to e5809ddd 
Dealt to fd3daa6e 
Dealt to Hero [5c 8d]
Dealt to dd6cc6d5 
Dealt to 20a0de12 
Dealt to 71104f81 
Dealt to 7f542d6c 
Dealt to d58b6ca8 
e5809ddd: raises 2,400 to 4,400
fd3daa6e: folds
Hero: folds
dd6cc6d5: folds
20a0de12: calls 4,400
71104f81: folds
7f542d6c: folds
d58b6ca8: folds
*** FLOP *** [4c 3h Jh]
e5809ddd: bets 7,100
20a0de12: calls 7,100
*** TURN *** [4c 3h Jh] [Qd]
e5809ddd: bets 21,300
20a0de12: folds
Uncalled bet (21,300) returned to e5809ddd
*** SHOWDOWN ***
e5809ddd collected 28,400 from pot
*** SUMMARY ***
Total pot 28,400 | Rake 0 | Jackpot 0 | Bingo 0 | Fortune 0 | Tax 0
Board [4c 3h Jh Qd]
Seat 1: e5809ddd won (28,400)
Seat 2: fd3daa6e folded before Flop
Seat 3: Hero folded before Flop
Seat 4: dd6cc6d5 folded before Flop
Seat 5: 20a0de12 folded on the Turn
Seat 6: 71104f81 (button) folded before Flop
Seat 7: 7f542d6c (small blind) folded before Flop
Seat 8: d58b6ca8 (big blind) folded before Flop


Poker Hand #TM3558966993: Tournament #156953735, Bounty Hunters Mini Big Game $2.50 Hold'em No Limit - Level6(1,000/2,000) - 2024/08/07 20:32:40
Table '257' 8-max Seat #5 is the button
Seat 1: e5809ddd (142,430 in chips)
Seat 2: fd3daa6e (124,911 in chips)
Seat 3: Hero (95,171 in chips)
Seat 4: dd6cc6d5 (100,150 in chips)
Seat 5: 20a0de12 (242,463 in chips)
Seat 6: 71104f81 (166,235 in chips)
Seat 7: 7f542d6c (295,746 in chips)
Seat 8: d58b6ca8 (70,168 in chips)
71104f81: posts the ante 300
e5809ddd: posts the ante 300
7f542d6c: posts the ante 300
fd3daa6e: posts the ante 300
20a0de12: posts the ante 300
d58b6ca8: posts the ante 300
Hero: posts the ante 300
dd6cc6d5: posts the ante 300
71104f81: posts small blind 1,000
7f542d6c: posts big blind 2,000
*** HOLE CARDS ***
Dealt to e5809ddd 
Dealt to fd3daa6e 
Dealt to Hero [6c Qh]
Dealt to dd6cc6d5 
Dealt to 20a0de12 
Dealt to 71104f81 
Dealt to 7f542d6c 
Dealt to d58b6ca8 
d58b6ca8: folds
e5809ddd: folds
fd3daa6e: folds
Hero: folds
dd6cc6d5: folds
20a0de12: folds
71104f81: folds
Uncalled bet (1,000) returned to 7f542d6c
*** SHOWDOWN ***
7f542d6c collected 4,400 from pot
*** SUMMARY ***
Total pot 4,400 | Rake 0 | Jackpot 0 | Bingo 0 | Fortune 0 | Tax 0
Seat 1: e5809ddd folded before Flop
Seat 2: fd3daa6e folded before Flop
Seat 3: Hero folded before Flop
Seat 4: dd6cc6d5 folded before Flop
Seat 5: 20a0de12 (button) folded before Flop
Seat 6: 71104f81 (small blind) folded before Flop
Seat 7: 7f542d6c (big blind) collected (4,400)
Seat 8: d58b6ca8 folded before Flop


Poker Hand #TM3558966949: Tournament #156953735, Bounty Hunters Mini Big Game $2.50 Hold'em No Limit - Level6(1,000/2,000) - 2024/08/07 20:32:01
Table '257' 8-max Seat #4 is the button
Seat 1: e5809ddd (132,930 in chips)
Seat 2: fd3daa6e (125,211 in chips)
Seat 3: Hero (95,471 in chips)
Seat 4: dd6cc6d5 (104,850 in chips)
Seat 5: 20a0de12 (243,763 in chips)
Seat 6: 71104f81 (168,535 in chips)
Seat 7: 7f542d6c (296,046 in chips)
Seat 8: d58b6ca8 (70,468 in chips)
71104f81: posts the ante 300
e5809ddd: posts the ante 300
7f542d6c: posts the ante 300
fd3daa6e: posts the ante 300
d58b6ca8: posts the ante 300
20a0de12: posts the ante 300
Hero: posts the ante 300
dd6cc6d5: posts the ante 300
20a0de12: posts small blind 1,000
71104f81: posts big blind 2,000
*** HOLE CARDS ***
Dealt to e5809ddd 
Dealt to fd3daa6e 
Dealt to Hero [Tc 6c]
Dealt to dd6cc6d5 
Dealt to 20a0de12 
Dealt to 71104f81 
Dealt to 7f542d6c 
Dealt to d58b6ca8 
7f542d6c: folds
d58b6ca8: folds
e5809ddd: raises 2,400 to 4,400
fd3daa6e: folds
Hero: folds
dd6cc6d5: calls 4,400
20a0de12: folds
71104f81: folds
*** FLOP *** [9c 3c 9s]
e5809ddd: bets 4,686
dd6cc6d5: folds
Uncalled bet (4,686) returned to e5809ddd
*** SHOWDOWN ***
e5809ddd collected 14,200 from pot
*** SUMMARY ***
Total pot 14,200 | Rake 0 | Jackpot 0 | Bingo 0 | Fortune 0 | Tax 0
Board [9c 3c 9s]
Seat 1: e5809ddd won (14,200)
Seat 2: fd3daa6e folded before Flop
Seat 3: Hero folded before Flop
Seat 4: dd6cc6d5 (button) folded on the Flop
Seat 5: 20a0de12 (small blind) folded before Flop
Seat 6: 71104f81 (big blind) folded before Flop
Seat 7: 7f542d6c folded before Flop
Seat 8: d58b6ca8 folded before Flop


Poker Hand #TM3558966838: Tournament #156953735, Bounty Hunters Mini Big Game $2.50 Hold'em No Limit - Level6(1,000/2,000) - 2024/08/07 20:30:30
Table '257' 8-max Seat #3 is the button
Seat 1: e5809ddd (133,230 in chips)
Seat 2: fd3daa6e (117,111 in chips)
Seat 3: Hero (97,771 in chips)
Seat 4: dd6cc6d5 (107,150 in chips)
Seat 5: 20a0de12 (246,063 in chips)
Seat 6: 71104f81 (168,835 in chips)
Seat 7: 7f542d6c (296,346 in chips)
Seat 8: d58b6ca8 (70,768 in chips)
71104f81: posts the ante 300
e5809ddd: posts the ante 300
7f542d6c: posts the ante 300
fd3daa6e: posts the ante 300
d58b6ca8: posts the ante 300
20a0de12: posts the ante 300
Hero: posts the ante 300
dd6cc6d5: posts the ante 300
dd6cc6d5: posts small blind 1,000
20a0de12: posts big blind 2,000
*** HOLE CARDS ***
Dealt to e5809ddd 
Dealt to fd3daa6e 
Dealt to Hero [Ah Js]
Dealt to dd6cc6d5 
Dealt to 20a0de12 
Dealt to 71104f81 
Dealt to 7f542d6c 
Dealt to d58b6ca8 
71104f81: folds
7f542d6c: folds
d58b6ca8: folds
e5809ddd: folds
fd3daa6e: calls 2,000
Hero: calls 2,000
dd6cc6d5: calls 1,000
20a0de12: checks
*** FLOP *** [2d 9s Qh]
dd6cc6d5: checks
20a0de12: checks
fd3daa6e: checks
Hero: checks
*** TURN *** [2d 9s Qh] [2s]
dd6cc6d5: checks
20a0de12: checks
fd3daa6e: bets 3,432
Hero: folds
dd6cc6d5: folds
20a0de12: folds
Uncalled bet (3,432) returned to fd3daa6e
*** SHOWDOWN ***
fd3daa6e collected 10,400 from pot
*** SUMMARY ***
Total pot 10,400 | Rake 0 | Jackpot 0 | Bingo 0 | Fortune 0 | Tax 0
Board [2d 9s Qh 2s]
Seat 1: e5809ddd folded before Flop
Seat 2: fd3daa6e won (10,400)
Seat 3: Hero (button) folded on the Turn
Seat 4: dd6cc6d5 (small blind) folded on the Turn
Seat 5: 20a0de12 (big blind) folded on the Turn
Seat 6: 71104f81 folded before Flop
Seat 7: 7f542d6c folded before Flop
Seat 8: d58b6ca8 folded before Flop


Poker Hand #TM3558966794: Tournament #156953735, Bounty Hunters Mini Big Game $2.50 Hold'em No Limit - Level6(1,000/2,000) - 2024/08/07 20:29:49
Table '257' 8-max Seat #2 is the button
Seat 1: e5809ddd (124,130 in chips)
Seat 2: fd3daa6e (117,411 in chips)
Seat 3: Hero (99,071 in chips)
Seat 4: dd6cc6d5 (109,450 in chips)
Seat 5: 20a0de12 (246,363 in chips)
Seat 6: 71104f81 (169,135 in chips)
Seat 7: 7f542d6c (300,646 in chips)
Seat 8: d58b6ca8 (71,068 in chips)
71104f81: posts the ante 300
e5809ddd: posts the ante 300
7f542d6c: posts the ante 300
fd3daa6e: posts the ante 300
d58b6ca8: posts the ante 300
20a0de12: posts the ante 300
Hero: posts the ante 300
dd6cc6d5: posts the ante 300
Hero: posts small blind 1,000
dd6cc6d5: posts big blind 2,000
*** HOLE CARDS ***
Dealt to e5809ddd 
Dealt to fd3daa6e 
Dealt to Hero [Js 4s]
Dealt to dd6cc6d5 
Dealt to 20a0de12 
Dealt to 71104f81 
Dealt to 7f542d6c 
Dealt to d58b6ca8 
20a0de12: folds
71104f81: folds
7f542d6c: raises 2,000 to 4,000
d58b6ca8: folds
e5809ddd: raises 119,830 to 123,830 and is all-in
fd3daa6e: folds
Hero: folds
dd6cc6d5: folds
7f542d6c: folds
Uncalled bet (119,830) returned to e5809ddd
*** SHOWDOWN ***
e5809ddd collected 13,400 from pot
*** SUMMARY ***
Total pot 13,400 | Rake 0 | Jackpot 0 | Bingo 0 | Fortune 0 | Tax 0
Seat 1: e5809ddd collected (13,400)
Seat 2: fd3daa6e (button) folded before Flop
Seat 3: Hero (small blind) folded before Flop
Seat 4: dd6cc6d5 (big blind) folded before Flop
Seat 5: 20a0de12 folded before Flop
Seat 6: 71104f81 folded before Flop
Seat 7: 7f542d6c folded before Flop
Seat 8: d58b6ca8 folded before Flop


Poker Hand #TM3558966732: Tournament #156953735, Bounty Hunters Mini Big Game $2.50 Hold'em No Limit - Level6(1,000/2,000) - 2024/08/07 20:28:59
Table '257' 8-max Seat #1 is the button
Seat 1: e5809ddd (105,430 in chips)
Seat 2: fd3daa6e (129,911 in chips)
Seat 3: Hero (103,771 in chips)
Seat 4: dd6cc6d5 (109,750 in chips)
Seat 5: 20a0de12 (246,663 in chips)
Seat 6: 71104f81 (169,435 in chips)
Seat 7: 7f542d6c (300,946 in chips)
Seat 8: d58b6ca8 (71,368 in chips)
71104f81: posts the ante 300
e5809ddd: posts the ante 300
7f542d6c: posts the ante 300
fd3daa6e: posts the ante 300
d58b6ca8: posts the ante 300
20a0de12: posts the ante 300
Hero: posts the ante 300
dd6cc6d5: posts the ante 300
fd3daa6e: posts small blind 1,000
Hero: posts big blind 2,000
*** HOLE CARDS ***
Dealt to e5809ddd 
Dealt to fd3daa6e 
Dealt to Hero [Jh 2s]
Dealt to dd6cc6d5 
Dealt to 20a0de12 
Dealt to 71104f81 
Dealt to 7f542d6c 
Dealt to d58b6ca8 
dd6cc6d5: folds
20a0de12: folds
71104f81: folds
7f542d6c: folds
d58b6ca8: folds
e5809ddd: raises 2,400 to 4,400
fd3daa6e: calls 3,400
Hero: calls 2,400
*** FLOP *** [Th 8c Kh]
fd3daa6e: checks
Hero: checks
e5809ddd: bets 7,800
fd3daa6e: calls 7,800
Hero: folds
*** TURN *** [Th 8c Kh] [Td]
fd3daa6e: checks
e5809ddd: bets 23,400
fd3daa6e: folds
Uncalled bet (23,400) returned to e5809ddd
*** SHOWDOWN ***
e5809ddd collected 31,200 from pot
*** SUMMARY ***
Total pot 31,200 | Rake 0 | Jackpot 0 | Bingo 0 | Fortune 0 | Tax 0
Board [Th 8c Kh Td]
Seat 1: e5809ddd (button) won (31,200)
Seat 2: fd3daa6e (small blind) folded on the Turn
Seat 3: Hero (big blind) folded on the Flop
Seat 4: dd6cc6d5 folded before Flop
Seat 5: 20a0de12 folded before Flop
Seat 6: 71104f81 folded before Flop
Seat 7: 7f542d6c folded before Flop
Seat 8: d58b6ca8 folded before Flop


Poker Hand #TM3558966689: Tournament #156953735, Bounty Hunters Mini Big Game $2.50 Hold'em No Limit - Level6(1,000/2,000) - 2024/08/07 20:28:16
Table '257' 8-max Seat #8 is the button
Seat 1: e5809ddd (106,730 in chips)
Seat 2: fd3daa6e (115,111 in chips)
Seat 3: Hero (115,771 in chips)
Seat 4: dd6cc6d5 (110,050 in chips)
Seat 5: 20a0de12 (246,963 in chips)
Seat 6: 71104f81 (169,735 in chips)
Seat 7: 7f542d6c (301,246 in chips)
Seat 8: d58b6ca8 (71,668 in chips)
71104f81: posts the ante 300
7f542d6c: posts the ante 300
e5809ddd: posts the ante 300
fd3daa6e: posts the ante 300
d58b6ca8: posts the ante 300
20a0de12: posts the ante 300
Hero: posts the ante 300
dd6cc6d5: posts the ante 300
e5809ddd: posts small blind 1,000
fd3daa6e: posts big blind 2,000
*** HOLE CARDS ***
Dealt to e5809ddd 
Dealt to fd3daa6e 
Dealt to Hero [Th As]
Dealt to dd6cc6d5 
Dealt to 20a0de12 
Dealt to 71104f81 
Dealt to 7f542d6c 
Dealt to d58b6ca8 
Hero: raises 3,000 to 5,000
dd6cc6d5: folds
20a0de12: folds
71104f81: folds
7f542d6c: folds
d58b6ca8: folds
e5809ddd: folds
fd3daa6e: calls 3,000
*** FLOP *** [2c Qc 6s]
fd3daa6e: checks
Hero: checks
*** TURN *** [2c Qc 6s] [9h]
fd3daa6e: bets 6,700
Hero: calls 6,700
*** RIVER *** [2c Qc 6s 9h] [8c]
fd3daa6e: bets 20,100
Hero: folds
Uncalled bet (20,100) returned to fd3daa6e
*** SHOWDOWN ***
fd3daa6e collected 26,800 from pot
*** SUMMARY ***
Total pot 26,800 | Rake 0 | Jackpot 0 | Bingo 0 | Fortune 0 | Tax 0
Board [2c Qc 6s 9h 8c]
Seat 1: e5809ddd (small blind) folded before Flop
Seat 2: fd3daa6e (big blind) won (26,800)
Seat 3: Hero folded on the River
Seat 4: dd6cc6d5 folded before Flop
Seat 5: 20a0de12 folded before Flop
Seat 6: 71104f81 folded before Flop
Seat 7: 7f542d6c folded before Flop
Seat 8: d58b6ca8 (button) folded before Flop


Poker Hand #TM3558966594: Tournament #156953735, Bounty Hunters Mini Big Game $2.50 Hold'em No Limit - Level5(800/1,600) - 2024/08/07 20:27:05
Table '257' 8-max Seat #7 is the button
Seat 1: e5809ddd (108,580 in chips)
Seat 2: fd3daa6e (115,361 in chips)
Seat 3: Hero (123,849 in chips)
Seat 4: dd6cc6d5 (110,300 in chips)
Seat 5: 20a0de12 (247,213 in chips)
Seat 6: 71104f81 (169,985 in chips)
Seat 7: 7f542d6c (301,496 in chips)
Seat 8: d58b6ca8 (60,490 in chips)
71104f81: posts the ante 250
7f542d6c: posts the ante 250
e5809ddd: posts the ante 250
fd3daa6e: posts the ante 250
20a0de12: posts the ante 250
d58b6ca8: posts the ante 250
Hero: posts the ante 250
dd6cc6d5: posts the ante 250
d58b6ca8: posts small blind 800
e5809ddd: posts big blind 1,600
*** HOLE CARDS ***
Dealt to e5809ddd 
Dealt to fd3daa6e 
Dealt to Hero [Td Kd]
Dealt to dd6cc6d5 
Dealt to 20a0de12 
Dealt to 71104f81 
Dealt to 7f542d6c 
Dealt to d58b6ca8 
fd3daa6e: folds
Hero: raises 2,400 to 4,000
dd6cc6d5: folds
20a0de12: folds
71104f81: folds
7f542d6c: folds
d58b6ca8: calls 3,200
e5809ddd: folds
*** FLOP *** [5h Kc 4s]
d58b6ca8: checks
Hero: checks
*** TURN *** [5h Kc 4s] [Ah]
d58b6ca8: checks
Hero: bets 3,828
d58b6ca8: raises 9,628 to 13,456
Hero: folds
Uncalled bet (9,628) returned to d58b6ca8
*** SHOWDOWN ***
d58b6ca8 collected 19,256 from pot
*** SUMMARY ***
Total pot 19,256 | Rake 0 | Jackpot 0 | Bingo 0 | Fortune 0 | Tax 0
Board [5h Kc 4s Ah]
Seat 1: e5809ddd (big blind) folded before Flop
Seat 2: fd3daa6e folded before Flop
Seat 3: Hero folded on the Turn
Seat 4: dd6cc6d5 folded before Flop
Seat 5: 20a0de12 folded before Flop
Seat 6: 71104f81 folded before Flop
Seat 7: 7f542d6c (button) folded before Flop
Seat 8: d58b6ca8 (small blind) won (19,256)


Poker Hand #TM3558966538: Tournament #156953735, Bounty Hunters Mini Big Game $2.50 Hold'em No Limit - Level5(800/1,600) - 2024/08/07 20:26:09
Table '257' 8-max Seat #6 is the button
Seat 1: e5809ddd (112,350 in chips)
Seat 2: fd3daa6e (119,131 in chips)
Seat 3: Hero (112,659 in chips)
Seat 4: dd6cc6d5 (110,550 in chips)
Seat 5: 20a0de12 (247,463 in chips)
Seat 6: 71104f81 (170,235 in chips)
Seat 7: 7f542d6c (302,546 in chips)
Seat 8: d58b6ca8 (62,340 in chips)
71104f81: posts the ante 250
e5809ddd: posts the ante 250
7f542d6c: posts the ante 250
fd3daa6e: posts the ante 250
20a0de12: posts the ante 250
d58b6ca8: posts the ante 250
Hero: posts the ante 250
dd6cc6d5: posts the ante 250
7f542d6c: posts small blind 800
d58b6ca8: posts big blind 1,600
*** HOLE CARDS ***
Dealt to e5809ddd 
Dealt to fd3daa6e 
Dealt to Hero [8h 8s]
Dealt to dd6cc6d5 
Dealt to 20a0de12 
Dealt to 71104f81 
Dealt to 7f542d6c 
Dealt to d58b6ca8 
e5809ddd: raises 1,920 to 3,520
fd3daa6e: calls 3,520
Hero: calls 3,520
dd6cc6d5: folds
20a0de12: folds
71104f81: folds
7f542d6c: folds
d58b6ca8: folds
*** FLOP *** [Kh Ks 3h]
e5809ddd: checks
fd3daa6e: checks
Hero: bets 11,220
e5809ddd: folds
fd3daa6e: folds
Uncalled bet (11,220) returned to Hero
*** SHOWDOWN ***
Hero collected 14,960 from pot
*** SUMMARY ***
Total pot 14,960 | Rake 0 | Jackpot 0 | Bingo 0 | Fortune 0 | Tax 0
Board [Kh Ks 3h]
Seat 1: e5809ddd folded on the Flop
Seat 2: fd3daa6e folded on the Flop
Seat 3: Hero won (14,960)
Seat 4: dd6cc6d5 folded before Flop
Seat 5: 20a0de12 folded before Flop
Seat 6: 71104f81 (button) folded before Flop
Seat 7: 7f542d6c (small blind) folded before Flop
Seat 8: d58b6ca8 (big blind) folded before Flop


Poker Hand #TM3558966467: Tournament #156953735, Bounty Hunters Mini Big Game $2.50 Hold'em No Limit - Level5(800/1,600) - 2024/08/07 20:25:13
Table '257' 8-max Seat #5 is the button
Seat 1: e5809ddd (112,600 in chips)
Seat 2: fd3daa6e (122,581 in chips)
Seat 3: Hero (116,109 in chips)
Seat 4: dd6cc6d5 (100,000 in chips)
Seat 5: 20a0de12 (247,713 in chips)
Seat 6: 71104f81 (171,285 in chips)
Seat 7: 7f542d6c (304,396 in chips)
Seat 8: d58b6ca8 (62,590 in chips)
71104f81: posts the ante 250
e5809ddd: posts the ante 250
7f542d6c: posts the ante 250
fd3daa6e: posts the ante 250
20a0de12: posts the ante 250
d58b6ca8: posts the ante 250
Hero: posts the ante 250
dd6cc6d5: posts the ante 250
71104f81: posts small blind 800
7f542d6c: posts big blind 1,600
*** HOLE CARDS ***
Dealt to e5809ddd 
Dealt to fd3daa6e 
Dealt to Hero [Ts Ac]
Dealt to dd6cc6d5 
Dealt to 20a0de12 
Dealt to 71104f81 
Dealt to 7f542d6c 
Dealt to d58b6ca8 
d58b6ca8: folds
e5809ddd: folds
fd3daa6e: raises 1,600 to 3,200
Hero: calls 3,200
dd6cc6d5: raises 13,600 to 16,800
20a0de12: folds
71104f81: folds
7f542d6c: folds
fd3daa6e: folds
Hero: folds
Uncalled bet (13,600) returned to dd6cc6d5
*** SHOWDOWN ***
dd6cc6d5 collected 14,000 from pot
*** SUMMARY ***
Total pot 14,000 | Rake 0 | Jackpot 0 | Bingo 0 | Fortune 0 | Tax 0
Seat 1: e5809ddd folded before Flop
Seat 2: fd3daa6e folded before Flop
Seat 3: Hero folded before Flop
Seat 4: dd6cc6d5 collected (14,000)
Seat 5: 20a0de12 (button) folded before Flop
Seat 6: 71104f81 (small blind) folded before Flop
Seat 7: 7f542d6c (big blind) folded before Flop
Seat 8: d58b6ca8 folded before Flop


Poker Hand #TM3558966387: Tournament #156953735, Bounty Hunters Mini Big Game $2.50 Hold'em No Limit - Level5(800/1,600) - 2024/08/07 20:24:07
Table '257' 8-max Seat #3 is the button
Seat 1: e5809ddd (112,850 in chips)
Seat 2: fd3daa6e (135,631 in chips)
Seat 3: Hero (119,559 in chips)
Seat 5: 20a0de12 (248,763 in chips)
Seat 6: 71104f81 (174,735 in chips)
Seat 7: 7f542d6c (282,896 in chips)
Seat 8: d58b6ca8 (62,840 in chips)
71104f81: posts the ante 250
e5809ddd: posts the ante 250
7f542d6c: posts the ante 250
fd3daa6e: posts the ante 250
d58b6ca8: posts the ante 250
20a0de12: posts the ante 250
Hero: posts the ante 250
20a0de12: posts small blind 800
71104f81: posts big blind 1,600
*** HOLE CARDS ***
Dealt to e5809ddd 
Dealt to fd3daa6e 
Dealt to Hero [2h 3h]
Dealt to 20a0de12 
Dealt to 71104f81 
Dealt to 7f542d6c 
Dealt to d58b6ca8 
7f542d6c: raises 1,600 to 3,200
d58b6ca8: folds
e5809ddd: folds
fd3daa6e: calls 3,200
Hero: calls 3,200
20a0de12: folds
71104f81: calls 1,600
*** FLOP *** [Kh 4d 7c]
71104f81: checks
7f542d6c: bets 9,600
fd3daa6e: calls 9,600
Hero: folds
71104f81: folds
*** TURN *** [Kh 4d 7c] [5h]
7f542d6c: bets 27,200
fd3daa6e: folds
Uncalled bet (27,200) returned to 7f542d6c
*** SHOWDOWN ***
7f542d6c collected 34,550 from pot
*** SUMMARY ***
Total pot 34,550 | Rake 0 | Jackpot 0 | Bingo 0 | Fortune 0 | Tax 0
Board [Kh 4d 7c 5h]
Seat 1: e5809ddd folded before Flop
Seat 2: fd3daa6e folded on the Turn
Seat 3: Hero (button) folded on the Flop
Seat 5: 20a0de12 (small blind) folded before Flop
Seat 6: 71104f81 (big blind) folded on the Flop
Seat 7: 7f542d6c won (34,550)
Seat 8: d58b6ca8 folded before Flop


Poker Hand #TM3558966315: Tournament #156953735, Bounty Hunters Mini Big Game $2.50 Hold'em No Limit - Level5(800/1,600) - 2024/08/07 20:23:04
Table '257' 8-max Seat #2 is the button
Seat 1: e5809ddd (113,100 in chips)
Seat 2: fd3daa6e (86,934 in chips)
Seat 3: Hero (121,409 in chips)
Seat 4: f89dc1ef (45,597 in chips)
Seat 5: 20a0de12 (249,013 in chips)
Seat 6: 71104f81 (174,985 in chips)
Seat 7: 7f542d6c (283,146 in chips)
Seat 8: d58b6ca8 (63,090 in chips)
71104f81: posts the ante 250
e5809ddd: posts the ante 250
7f542d6c: posts the ante 250
fd3daa6e: posts the ante 250
f89dc1ef: posts the ante 250
d58b6ca8: posts the ante 250
20a0de12: posts the ante 250
Hero: posts the ante 250
Hero: posts small blind 800
f89dc1ef: posts big blind 1,600
*** HOLE CARDS ***
Dealt to e5809ddd 
Dealt to fd3daa6e 
Dealt to Hero [5s 4d]
Dealt to f89dc1ef 
Dealt to 20a0de12 
Dealt to 71104f81 
Dealt to 7f542d6c 
Dealt to d58b6ca8 
20a0de12: folds
71104f81: folds
7f542d6c: folds
d58b6ca8: folds
e5809ddd: folds
fd3daa6e: calls 1,600
Hero: calls 800
f89dc1ef: checks
*** FLOP *** [5d 2s 8c]
Hero: checks
f89dc1ef: bets 2,244
fd3daa6e: raises 7,044 to 9,288
Hero: folds
f89dc1ef: raises 34,459 to 43,747 and is all-in
fd3daa6e: calls 34,459
f89dc1ef: shows [7c 6h] (Eight-High)
fd3daa6e: shows [5c Ks] (Pair of Fives)
*** TURN *** [5d 2s 8c] [Kd]
*** RIVER *** [5d 2s 8c Kd] [6c]
*** SHOWDOWN ***
fd3daa6e collected 94,294 from pot
*** SUMMARY ***
Total pot 94,294 | Rake 0 | Jackpot 0 | Bingo 0 | Fortune 0 | Tax 0
Board [5d 2s 8c Kd 6c]
Seat 1: e5809ddd folded before Flop
Seat 2: fd3daa6e (button) showed [5c Ks] and won (94,294) with Pair of Kings and Pair of Fives
Seat 3: Hero (small blind) folded on the Flop
Seat 4: f89dc1ef (big blind) showed [7c 6h] and lost with Pair of Sixes
Seat 5: 20a0de12 folded before Flop
Seat 6: 71104f81 folded before Flop
Seat 7: 7f542d6c folded before Flop
Seat 8: d58b6ca8 folded before Flop


Poker Hand #TM3558966260: Tournament #156953735, Bounty Hunters Mini Big Game $2.50 Hold'em No Limit - Level5(800/1,600) - 2024/08/07 20:22:15
Table '257' 8-max Seat #1 is the button
Seat 1: e5809ddd (104,950 in chips)
Seat 2: fd3daa6e (87,984 in chips)
Seat 3: Hero (123,259 in chips)
Seat 4: f89dc1ef (45,847 in chips)
Seat 5: 20a0de12 (249,263 in chips)
Seat 6: 71104f81 (175,235 in chips)
Seat 7: 7f542d6c (283,396 in chips)
Seat 8: d58b6ca8 (67,340 in chips)
71104f81: posts the ante 250
e5809ddd: posts the ante 250
7f542d6c: posts the ante 250
fd3daa6e: posts the ante 250
f89dc1ef: posts the ante 250
d58b6ca8: posts the ante 250
20a0de12: posts the ante 250
Hero: posts the ante 250
fd3daa6e: posts small blind 800
Hero: posts big blind 1,600
*** HOLE CARDS ***
Dealt to e5809ddd 
Dealt to fd3daa6e 
Dealt to Hero [Ac 5c]
Dealt to f89dc1ef 
Dealt to 20a0de12 
Dealt to 71104f81 
Dealt to 7f542d6c 
Dealt to d58b6ca8 
f89dc1ef: folds
20a0de12: folds
71104f81: folds
7f542d6c: folds
d58b6ca8: raises 2,400 to 4,000
e5809ddd: raises 10,400 to 14,400
fd3daa6e: folds
Hero: folds
d58b6ca8: folds
Uncalled bet (10,400) returned to e5809ddd
*** SHOWDOWN ***
e5809ddd collected 12,400 from pot
*** SUMMARY ***
Total pot 12,400 | Rake 0 | Jackpot 0 | Bingo 0 | Fortune 0 | Tax 0
Seat 1: e5809ddd (button) collected (12,400)
Seat 2: fd3daa6e (small blind) folded before Flop
Seat 3: Hero (big blind) folded before Flop
Seat 4: f89dc1ef folded before Flop
Seat 5: 20a0de12 folded before Flop
Seat 6: 71104f81 folded before Flop
Seat 7: 7f542d6c folded before Flop
Seat 8: d58b6ca8 folded before Flop


Poker Hand #TM3558966201: Tournament #156953735, Bounty Hunters Mini Big Game $2.50 Hold'em No Limit - Level5(800/1,600) - 2024/08/07 20:21:17
Table '257' 8-max Seat #8 is the button
Seat 1: e5809ddd (106,800 in chips)
Seat 2: fd3daa6e (89,834 in chips)
Seat 3: Hero (115,109 in chips)
Seat 4: f89dc1ef (46,097 in chips)
Seat 5: 20a0de12 (251,113 in chips)
Seat 6: 71104f81 (177,085 in chips)
Seat 7: 7f542d6c (283,646 in chips)
Seat 8: d58b6ca8 (67,590 in chips)
71104f81: posts the ante 250
7f542d6c: posts the ante 250
e5809ddd: posts the ante 250
fd3daa6e: posts the ante 250
f89dc1ef: posts the ante 250
d58b6ca8: posts the ante 250
20a0de12: posts the ante 250
Hero: posts the ante 250
e5809ddd: posts small blind 800
fd3daa6e: posts big blind 1,600
*** HOLE CARDS ***
Dealt to e5809ddd 
Dealt to fd3daa6e 
Dealt to Hero [Ah Kd]
Dealt to f89dc1ef 
Dealt to 20a0de12 
Dealt to 71104f81 
Dealt to 7f542d6c 
Dealt to d58b6ca8 
Hero: calls 1,600
f89dc1ef: folds
20a0de12: calls 1,600
71104f81: calls 1,600
7f542d6c: folds
d58b6ca8: folds
e5809ddd: calls 800
fd3daa6e: checks
*** FLOP *** [3d 8c 9h]
e5809ddd: checks
fd3daa6e: checks
Hero: bets 3,300
20a0de12: folds
71104f81: folds
e5809ddd: folds
fd3daa6e: folds
Uncalled bet (3,300) returned to Hero
Hero: shows [Ah Kd] (Ace-High)
*** SHOWDOWN ***
Hero collected 10,000 from pot
*** SUMMARY ***
Total pot 10,000 | Rake 0 | Jackpot 0 | Bingo 0 | Fortune 0 | Tax 0
Board [3d 8c 9h]
Seat 1: e5809ddd (small blind) folded on the Flop
Seat 2: fd3daa6e (big blind) folded on the Flop
Seat 3: Hero showed [Ah Kd] and won (10,000)
Seat 4: f89dc1ef folded before Flop
Seat 5: 20a0de12 folded on the Flop
Seat 6: 71104f81 folded on the Flop
Seat 7: 7f542d6c folded before Flop
Seat 8: d58b6ca8 (button) folded before Flop


Poker Hand #TM3558966123: Tournament #156953735, Bounty Hunters Mini Big Game $2.50 Hold'em No Limit - Level5(800/1,600) - 2024/08/07 20:20:15
Table '257' 8-max Seat #7 is the button
Seat 1: e5809ddd (96,250 in chips)
Seat 2: fd3daa6e (97,284 in chips)
Seat 3: Hero (115,359 in chips)
Seat 4: f89dc1ef (46,347 in chips)
Seat 5: 20a0de12 (251,363 in chips)
Seat 6: 71104f81 (177,335 in chips)
Seat 7: 7f542d6c (283,896 in chips)
Seat 8: d58b6ca8 (69,440 in chips)
71104f81: posts the ante 250
7f542d6c: posts the ante 250
e5809ddd: posts the ante 250
fd3daa6e: posts the ante 250
f89dc1ef: posts the ante 250
20a0de12: posts the ante 250
d58b6ca8: posts the ante 250
Hero: posts the ante 250
d58b6ca8: posts small blind 800
e5809ddd: posts big blind 1,600
*** HOLE CARDS ***
Dealt to e5809ddd 
Dealt to fd3daa6e 
Dealt to Hero [4d Qd]
Dealt to f89dc1ef 
Dealt to 20a0de12 
Dealt to 71104f81 
Dealt to 7f542d6c 
Dealt to d58b6ca8 
fd3daa6e: calls 1,600
Hero: folds
f89dc1ef: folds
20a0de12: folds
71104f81: folds
7f542d6c: folds
d58b6ca8: calls 800
e5809ddd: raises 5,600 to 7,200
fd3daa6e: calls 5,600
d58b6ca8: folds
*** FLOP *** [Ks 9h 7c]
e5809ddd: bets 13,500
fd3daa6e: folds
Uncalled bet (13,500) returned to e5809ddd
*** SHOWDOWN ***
e5809ddd collected 18,000 from pot
*** SUMMARY ***
Total pot 18,000 | Rake 0 | Jackpot 0 | Bingo 0 | Fortune 0 | Tax 0
Board [Ks 9h 7c]
Seat 1: e5809ddd (big blind) won (18,000)
Seat 2: fd3daa6e folded on the Flop
Seat 3: Hero folded before Flop
Seat 4: f89dc1ef folded before Flop
Seat 5: 20a0de12 folded before Flop
Seat 6: 71104f81 folded before Flop
Seat 7: 7f542d6c (button) folded before Flop
Seat 8: d58b6ca8 (small blind) folded before Flop


Poker Hand #TM3558966052: Tournament #156953735, Bounty Hunters Mini Big Game $2.50 Hold'em No Limit - Level5(800/1,600) - 2024/08/07 20:19:16
Table '257' 8-max Seat #6 is the button
Seat 1: e5809ddd (96,500 in chips)
Seat 2: fd3daa6e (104,150 in chips)
Seat 3: Hero (115,609 in chips)
Seat 4: f89dc1ef (46,597 in chips)
Seat 5: 20a0de12 (234,781 in chips)
Seat 6: 71104f81 (177,585 in chips)
Seat 7: 7f542d6c (290,762 in chips)
Seat 8: d58b6ca8 (71,290 in chips)
71104f81: posts the ante 250
e5809ddd: posts the ante 250
7f542d6c: posts the ante 250
fd3daa6e: posts the ante 250
f89dc1ef: posts the ante 250
20a0de12: posts the ante 250
d58b6ca8: posts the ante 250
Hero: posts the ante 250
7f542d6c: posts small blind 800
d58b6ca8: posts big blind 1,600
*** HOLE CARDS ***
Dealt to e5809ddd 
Dealt to fd3daa6e 
Dealt to Hero [3s Tc]
Dealt to f89dc1ef 
Dealt to 20a0de12 
Dealt to 71104f81 
Dealt to 7f542d6c 
Dealt to d58b6ca8 
e5809ddd: folds
fd3daa6e: calls 1,600
Hero: folds
f89dc1ef: folds
20a0de12: raises 5,016 to 6,616
71104f81: folds
7f542d6c: calls 5,816
d58b6ca8: folds
fd3daa6e: calls 5,016
*** FLOP *** [Ac 7c 8d]
7f542d6c: checks
fd3daa6e: checks
20a0de12: bets 7,738
7f542d6c: folds
fd3daa6e: folds
Uncalled bet (7,738) returned to 20a0de12
*** SHOWDOWN ***
20a0de12 collected 23,448 from pot
*** SUMMARY ***
Total pot 23,448 | Rake 0 | Jackpot 0 | Bingo 0 | Fortune 0 | Tax 0
Board [Ac 7c 8d]
Seat 1: e5809ddd folded before Flop
Seat 2: fd3daa6e folded on the Flop
Seat 3: Hero folded before Flop
Seat 4: f89dc1ef folded before Flop
Seat 5: 20a0de12 won (23,448)
Seat 6: 71104f81 (button) folded before Flop
Seat 7: 7f542d6c (small blind) folded on the Flop
Seat 8: d58b6ca8 (big blind) folded before Flop


Poker Hand #TM3558966011: Tournament #156953735, Bounty Hunters Mini Big Game $2.50 Hold'em No Limit - Level5(800/1,600) - 2024/08/07 20:18:46
Table '257' 8-max Seat #5 is the button
Seat 1: e5809ddd (96,750 in chips)
Seat 2: fd3daa6e (100,000 in chips)
Seat 3: Hero (115,859 in chips)
Seat 4: f89dc1ef (46,847 in chips)
Seat 5: 20a0de12 (235,031 in chips)
Seat 6: 71104f81 (178,635 in chips)
Seat 7: 7f542d6c (292,612 in chips)
Seat 8: d58b6ca8 (71,540 in chips)
71104f81: posts the ante 250
e5809ddd: posts the ante 250
7f542d6c: posts the ante 250
fd3daa6e: posts the ante 250
f89dc1ef: posts the ante 250
20a0de12: posts the ante 250
d58b6ca8: posts the ante 250
Hero: posts the ante 250
71104f81: posts small blind 800
7f542d6c: posts big blind 1,600
*** HOLE CARDS ***
Dealt to e5809ddd 
Dealt to fd3daa6e 
Dealt to Hero [8h Qh]
Dealt to f89dc1ef 
Dealt to 20a0de12 
Dealt to 71104f81 
Dealt to 7f542d6c 
Dealt to d58b6ca8 
d58b6ca8: folds
e5809ddd: folds
fd3daa6e: raises 6,000 to 7,600
Hero: folds
f89dc1ef: folds
20a0de12: folds
71104f81: folds
7f542d6c: folds
Uncalled bet (6,000) returned to fd3daa6e
*** SHOWDOWN ***
fd3daa6e collected 6,000 from pot
*** SUMMARY ***
Total pot 6,000 | Rake 0 | Jackpot 0 | Bingo 0 | Fortune 0 | Tax 0
Seat 1: e5809ddd folded before Flop
Seat 2: fd3daa6e collected (6,000)
Seat 3: Hero folded before Flop
Seat 4: f89dc1ef folded before Flop
Seat 5: 20a0de12 (button) folded before Flop
Seat 6: 71104f81 (small blind) folded before Flop
Seat 7: 7f542d6c (big blind) folded before Flop
Seat 8: d58b6ca8 folded before Flop


Poker Hand #TM3558965934: Tournament #156953735, Bounty Hunters Mini Big Game $2.50 Hold'em No Limit - Level5(800/1,600) - 2024/08/07 20:17:33
Table '257' 8-max Seat #4 is the button
Seat 1: e5809ddd (97,000 in chips)
Seat 3: Hero (120,109 in chips)
Seat 4: f89dc1ef (35,747 in chips)
Seat 5: 20a0de12 (239,281 in chips)
Seat 6: 71104f81 (180,485 in chips)
Seat 7: 7f542d6c (292,862 in chips)
Seat 8: d58b6ca8 (71,790 in chips)
71104f81: posts the ante 250
e5809ddd: posts the ante 250
7f542d6c: posts the ante 250
f89dc1ef: posts the ante 250
d58b6ca8: posts the ante 250
20a0de12: posts the ante 250
Hero: posts the ante 250
20a0de12: posts small blind 800
71104f81: posts big blind 1,600
*** HOLE CARDS ***
Dealt to e5809ddd 
Dealt to Hero [6h 6s]
Dealt to f89dc1ef 
Dealt to 20a0de12 
Dealt to 71104f81 
Dealt to 7f542d6c 
Dealt to d58b6ca8 
7f542d6c: folds
d58b6ca8: folds
e5809ddd: folds
Hero: raises 2,400 to 4,000
f89dc1ef: calls 4,000
20a0de12: calls 3,200
71104f81: folds
*** FLOP *** [Kc 7s Ad]
20a0de12: checks
Hero: checks
f89dc1ef: bets 5,066
20a0de12: folds
Hero: folds
Uncalled bet (5,066) returned to f89dc1ef
*** SHOWDOWN ***
f89dc1ef collected 15,350 from pot
*** SUMMARY ***
Total pot 15,350 | Rake 0 | Jackpot 0 | Bingo 0 | Fortune 0 | Tax 0
Board [Kc 7s Ad]
Seat 1: e5809ddd folded before Flop
Seat 3: Hero folded on the Flop
Seat 4: f89dc1ef (button) won (15,350)
Seat 5: 20a0de12 (small blind) folded on the Flop
Seat 6: 71104f81 (big blind) folded before Flop
Seat 7: 7f542d6c folded before Flop
Seat 8: d58b6ca8 folded before Flop


Poker Hand #TM3558965890: Tournament #156953735, Bounty Hunters Mini Big Game $2.50 Hold'em No Limit - Level4(600/1,200) - 2024/08/07 20:16:53
Table '257' 8-max Seat #3 is the button
Seat 1: e5809ddd (97,180 in chips)
Seat 2: 988f3516 (34,569 in chips)
Seat 3: Hero (120,289 in chips)
Seat 4: f89dc1ef (36,527 in chips)
Seat 5: 20a0de12 (203,032 in chips)
Seat 6: 71104f81 (180,665 in chips)
Seat 7: 7f542d6c (293,042 in chips)
Seat 8: d58b6ca8 (71,970 in chips)
71104f81: posts the ante 180
e5809ddd: posts the ante 180
7f542d6c: posts the ante 180
988f3516: posts the ante 180
f89dc1ef: posts the ante 180
d58b6ca8: posts the ante 180
20a0de12: posts the ante 180
Hero: posts the ante 180
f89dc1ef: posts small blind 600
20a0de12: posts big blind 1,200
*** HOLE CARDS ***
Dealt to e5809ddd 
Dealt to 988f3516 
Dealt to Hero [9c 3s]
Dealt to f89dc1ef 
Dealt to 20a0de12 
Dealt to 71104f81 
Dealt to 7f542d6c 
Dealt to d58b6ca8 
71104f81: folds
7f542d6c: folds
d58b6ca8: folds
e5809ddd: folds
988f3516: raises 33,189 to 34,389 and is all-in
Hero: folds
f89dc1ef: folds
20a0de12: calls 33,189
988f3516: shows [7s 7h]
20a0de12: shows [Ac Qh]
*** FLOP *** [9s 5d 4c]
*** TURN *** [9s 5d 4c] [Ah]
*** RIVER *** [9s 5d 4c Ah] [4h]
*** SHOWDOWN ***
20a0de12 collected 70,818 from pot
*** SUMMARY ***
Total pot 70,818 | Rake 0 | Jackpot 0 | Bingo 0 | Fortune 0 | Tax 0
Board [9s 5d 4c Ah 4h]
Seat 1: e5809ddd folded before Flop
Seat 2: 988f3516 showed [7s 7h] and lost with Pair of Sevens and Pair of Fours
Seat 3: Hero (button) folded before Flop
Seat 4: f89dc1ef (small blind) folded before Flop
Seat 5: 20a0de12 (big blind) showed [Ac Qh] and won (70,818) with Pair of Aces and Pair of Fours
Seat 6: 71104f81 folded before Flop
Seat 7: 7f542d6c folded before Flop
Seat 8: d58b6ca8 folded before Flop


Poker Hand #TM3558965786: Tournament #156953735, Bounty Hunters Mini Big Game $2.50 Hold'em No Limit - Level4(600/1,200) - 2024/08/07 20:15:24
Table '257' 8-max Seat #2 is the button
Seat 1: e5809ddd (100,000 in chips)
Seat 2: 988f3516 (37,389 in chips)
Seat 3: Hero (121,069 in chips)
Seat 4: f89dc1ef (39,347 in chips)
Seat 5: 20a0de12 (193,252 in chips)
Seat 6: 71104f81 (180,845 in chips)
Seat 7: 7f542d6c (293,222 in chips)
Seat 8: d58b6ca8 (72,150 in chips)
71104f81: posts the ante 180
e5809ddd: posts the ante 180
7f542d6c: posts the ante 180
988f3516: posts the ante 180
f89dc1ef: posts the ante 180
d58b6ca8: posts the ante 180
20a0de12: posts the ante 180
Hero: posts the ante 180
Hero: posts small blind 600
f89dc1ef: posts big blind 1,200
*** HOLE CARDS ***
Dealt to e5809ddd 
Dealt to 988f3516 
Dealt to Hero [Js 5d]
Dealt to f89dc1ef 
Dealt to 20a0de12 
Dealt to 71104f81 
Dealt to 7f542d6c 
Dealt to d58b6ca8 
20a0de12: raises 1,440 to 2,640
71104f81: folds
7f542d6c: folds
d58b6ca8: folds
e5809ddd: calls 2,640
988f3516: calls 2,640
Hero: folds
f89dc1ef: calls 1,440
*** FLOP *** [Ad 8d 2d]
f89dc1ef: checks
20a0de12: checks
e5809ddd: checks
988f3516: checks
*** TURN *** [Ad 8d 2d] [2s]
f89dc1ef: checks
20a0de12: bets 8,316
e5809ddd: folds
988f3516: folds
f89dc1ef: folds
Uncalled bet (8,316) returned to 20a0de12
*** SHOWDOWN ***
20a0de12 collected 12,600 from pot
*** SUMMARY ***
Total pot 12,600 | Rake 0 | Jackpot 0 | Bingo 0 | Fortune 0 | Tax 0
Board [Ad 8d 2d 2s]
Seat 1: e5809ddd folded on the Turn
Seat 2: 988f3516 (button) folded on the Turn
Seat 3: Hero (small blind) folded before Flop
Seat 4: f89dc1ef (big blind) folded on the Turn
Seat 5: 20a0de12 won (12,600)
Seat 6: 71104f81 folded before Flop
Seat 7: 7f542d6c folded before Flop
Seat 8: d58b6ca8 folded before Flop


Poker Hand #TM3558965669: Tournament #156953735, Bounty Hunters Mini Big Game $2.50 Hold'em No Limit - Level4(600/1,200) - 2024/08/07 20:13:37
Table '257' 8-max Seat #8 is the button
Seat 2: 988f3516 (182,350 in chips)
Seat 3: Hero (122,449 in chips)
Seat 4: f89dc1ef (39,527 in chips)
Seat 5: 20a0de12 (193,432 in chips)
Seat 6: 71104f81 (182,225 in chips)
Seat 7: 7f542d6c (144,961 in chips)
Seat 8: d58b6ca8 (72,330 in chips)
71104f81: posts the ante 180
7f542d6c: posts the ante 180
988f3516: posts the ante 180
f89dc1ef: posts the ante 180
d58b6ca8: posts the ante 180
20a0de12: posts the ante 180
Hero: posts the ante 180
988f3516: posts small blind 600
Hero: posts big blind 1,200
*** HOLE CARDS ***
Dealt to 988f3516 
Dealt to Hero [6s 8s]
Dealt to f89dc1ef 
Dealt to 20a0de12 
Dealt to 71104f81 
Dealt to 7f542d6c 
Dealt to d58b6ca8 
f89dc1ef: folds
20a0de12: folds
71104f81: calls 1,200
7f542d6c: raises 3,600 to 4,800
d58b6ca8: folds
988f3516: calls 4,200
Hero: folds
71104f81: folds
*** FLOP *** [Td Jd 7d]
988f3516: bets 9,945
7f542d6c: raises 14,055 to 24,000
988f3516: calls 14,055
*** TURN *** [Td Jd 7d] [6h]
988f3516: bets 153,370 and is all-in
7f542d6c: calls 115,981 and is all-in
Uncalled bet (37,389) returned to 988f3516
988f3516: shows [4d 3d] (Jack High Flush)
7f542d6c: shows [6d 5d] (Jack High Flush)
*** RIVER *** [Td Jd 7d 6h] [Kc]
*** SHOWDOWN ***
7f542d6c collected 293,222 from pot
*** SUMMARY ***
Total pot 293,222 | Rake 0 | Jackpot 0 | Bingo 0 | Fortune 0 | Tax 0
Board [Td Jd 7d 6h Kc]
Seat 2: 988f3516 (small blind) showed [4d 3d] and lost with Jack High Flush
Seat 3: Hero (big blind) folded before Flop
Seat 4: f89dc1ef folded before Flop
Seat 5: 20a0de12 folded before Flop
Seat 6: 71104f81 folded before Flop
Seat 7: 7f542d6c showed [6d 5d] and won (293,222) with Jack High Flush
Seat 8: d58b6ca8 (button) folded before Flop


Poker Hand #TM3558965609: Tournament #156953735, Bounty Hunters Mini Big Game $2.50 Hold'em No Limit - Level4(600/1,200) - 2024/08/07 20:12:41
Table '257' 8-max Seat #7 is the button
Seat 2: 988f3516 (183,730 in chips)
Seat 3: Hero (128,959 in chips)
Seat 4: f89dc1ef (39,707 in chips)
Seat 5: 20a0de12 (193,612 in chips)
Seat 6: 71104f81 (182,405 in chips)
Seat 7: 7f542d6c (135,751 in chips)
Seat 8: d58b6ca8 (73,110 in chips)
71104f81: posts the ante 180
7f542d6c: posts the ante 180
988f3516: posts the ante 180
f89dc1ef: posts the ante 180
20a0de12: posts the ante 180
d58b6ca8: posts the ante 180
Hero: posts the ante 180
d58b6ca8: posts small blind 600
988f3516: posts big blind 1,200
*** HOLE CARDS ***
Dealt to 988f3516 
Dealt to Hero [Tc Js]
Dealt to f89dc1ef 
Dealt to 20a0de12 
Dealt to 71104f81 
Dealt to 7f542d6c 
Dealt to d58b6ca8 
Hero: raises 1,200 to 2,400
f89dc1ef: folds
20a0de12: folds
71104f81: folds
7f542d6c: calls 2,400
d58b6ca8: folds
988f3516: folds
*** FLOP *** [4s 7h 4c]
Hero: bets 3,930
7f542d6c: calls 3,930
*** TURN *** [4s 7h 4c] [Ad]
Hero: checks
7f542d6c: checks
*** RIVER *** [4s 7h 4c Ad] [6d]
Hero: checks
7f542d6c: checks
Hero: shows [Tc Js] (Pair of Fours)
7f542d6c: shows [2s 2d] (Pair of Fours and Pair of Twos)
*** SHOWDOWN ***
7f542d6c collected 15,720 from pot
*** SUMMARY ***
Total pot 15,720 | Rake 0 | Jackpot 0 | Bingo 0 | Fortune 0 | Tax 0
Board [4s 7h 4c Ad 6d]
Seat 2: 988f3516 (big blind) folded before Flop
Seat 3: Hero showed [Tc Js] and lost with Pair of Fours
Seat 4: f89dc1ef folded before Flop
Seat 5: 20a0de12 folded before Flop
Seat 6: 71104f81 folded before Flop
Seat 7: 7f542d6c (button) showed [2s 2d] and won (15,720) with Pair of Fours and Pair of Twos
Seat 8: d58b6ca8 (small blind) folded before Flop


Poker Hand #TM3558965567: Tournament #156953735, Bounty Hunters Mini Big Game $2.50 Hold'em No Limit - Level4(600/1,200) - 2024/08/07 20:11:56
Table '257' 8-max Seat #6 is the button
Seat 1: 7c16b4d (142,088 in chips)
Seat 2: 988f3516 (183,910 in chips)
Seat 3: Hero (129,139 in chips)
Seat 4: f89dc1ef (39,887 in chips)
Seat 5: 20a0de12 (193,792 in chips)
Seat 6: 71104f81 (182,585 in chips)
Seat 7: 7f542d6c (133,291 in chips)
Seat 8: d58b6ca8 (74,490 in chips)
71104f81: posts the ante 180
7f542d6c: posts the ante 180
988f3516: posts the ante 180
f89dc1ef: posts the ante 180
20a0de12: posts the ante 180
d58b6ca8: posts the ante 180
Hero: posts the ante 180
7c16b4d: posts the ante 180
7f542d6c: posts small blind 600
d58b6ca8: posts big blind 1,200
*** HOLE CARDS ***
Dealt to 7c16b4d 
Dealt to 988f3516 
Dealt to Hero [7h 2c]
Dealt to f89dc1ef 
Dealt to 20a0de12 
Dealt to 71104f81 
Dealt to 7f542d6c 
Dealt to d58b6ca8 
7c16b4d: folds
988f3516: folds
Hero: folds
f89dc1ef: folds
20a0de12: folds
71104f81: folds
7f542d6c: raises 3,000 to 4,200
d58b6ca8: folds
Uncalled bet (3,000) returned to 7f542d6c
*** SHOWDOWN ***
7f542d6c collected 3,840 from pot
*** SUMMARY ***
Total pot 3,840 | Rake 0 | Jackpot 0 | Bingo 0 | Fortune 0 | Tax 0
Seat 1: 7c16b4d folded before Flop
Seat 2: 988f3516 folded before Flop
Seat 3: Hero folded before Flop
Seat 4: f89dc1ef folded before Flop
Seat 5: 20a0de12 folded before Flop
Seat 6: 71104f81 (button) folded before Flop
Seat 7: 7f542d6c (small blind) collected (3,840)
Seat 8: d58b6ca8 (big blind) folded before Flop


Poker Hand #TM3558965497: Tournament #156953735, Bounty Hunters Mini Big Game $2.50 Hold'em No Limit - Level4(600/1,200) - 2024/08/07 20:10:46
Table '257' 8-max Seat #5 is the button
Seat 1: 7c16b4d (142,268 in chips)
Seat 2: 988f3516 (169,630 in chips)
Seat 3: Hero (129,319 in chips)
Seat 4: f89dc1ef (40,067 in chips)
Seat 5: 20a0de12 (193,972 in chips)
Seat 6: 71104f81 (185,765 in chips)
Seat 7: 7f542d6c (134,671 in chips)
Seat 8: d58b6ca8 (83,490 in chips)
71104f81: posts the ante 180
7f542d6c: posts the ante 180
988f3516: posts the ante 180
f89dc1ef: posts the ante 180
20a0de12: posts the ante 180
d58b6ca8: posts the ante 180
Hero: posts the ante 180
7c16b4d: posts the ante 180
71104f81: posts small blind 600
7f542d6c: posts big blind 1,200
*** HOLE CARDS ***
Dealt to 7c16b4d 
Dealt to 988f3516 
Dealt to Hero [9h 3h]
Dealt to f89dc1ef 
Dealt to 20a0de12 
Dealt to 71104f81 
Dealt to 7f542d6c 
Dealt to d58b6ca8 
d58b6ca8: raises 1,800 to 3,000
7c16b4d: folds
988f3516: calls 3,000
Hero: folds
f89dc1ef: folds
20a0de12: folds
71104f81: calls 2,400
7f542d6c: folds
*** FLOP *** [4c 2c Kh]
71104f81: checks
d58b6ca8: bets 5,820
988f3516: calls 5,820
71104f81: folds
*** TURN *** [4c 2c Kh] [3d]
d58b6ca8: checks
988f3516: bets 11,640
d58b6ca8: folds
Uncalled bet (11,640) returned to 988f3516
71104f81: shows [Jd Qd] (King-High)
*** SHOWDOWN ***
988f3516 collected 23,280 from pot
*** SUMMARY ***
Total pot 23,280 | Rake 0 | Jackpot 0 | Bingo 0 | Fortune 0 | Tax 0
Board [4c 2c Kh 3d]
Seat 1: 7c16b4d folded before Flop
Seat 2: 988f3516 won (23,280)
Seat 3: Hero folded before Flop
Seat 4: f89dc1ef folded before Flop
Seat 5: 20a0de12 (button) folded before Flop
Seat 6: 71104f81 (small blind) folded on the Flop
Seat 7: 7f542d6c (big blind) folded before Flop
Seat 8: d58b6ca8 folded on the Turn


Poker Hand #TM3558965437: Tournament #156953735, Bounty Hunters Mini Big Game $2.50 Hold'em No Limit - Level4(600/1,200) - 2024/08/07 20:09:54
Table '257' 8-max Seat #4 is the button
Seat 1: 7c16b4d (144,848 in chips)
Seat 2: 988f3516 (80,975 in chips)
Seat 3: Hero (129,499 in chips)
Seat 4: f89dc1ef (121,042 in chips)
Seat 5: 20a0de12 (194,752 in chips)
Seat 6: 71104f81 (187,145 in chips)
Seat 7: 7f542d6c (137,251 in chips)
Seat 8: d58b6ca8 (83,670 in chips)
71104f81: posts the ante 180
7f542d6c: posts the ante 180
988f3516: posts the ante 180
f89dc1ef: posts the ante 180
d58b6ca8: posts the ante 180
20a0de12: posts the ante 180
Hero: posts the ante 180
7c16b4d: posts the ante 180
20a0de12: posts small blind 600
71104f81: posts big blind 1,200
*** HOLE CARDS ***
Dealt to 7c16b4d 
Dealt to 988f3516 
Dealt to Hero [5h Ks]
Dealt to f89dc1ef 
Dealt to 20a0de12 
Dealt to 71104f81 
Dealt to 7f542d6c 
Dealt to d58b6ca8 
7f542d6c: raises 1,200 to 2,400
d58b6ca8: folds
7c16b4d: calls 2,400
988f3516: raises 78,395 to 80,795 and is all-in
Hero: folds
f89dc1ef: calls 80,795
20a0de12: folds
71104f81: folds
7f542d6c: folds
7c16b4d: folds
988f3516: shows [Ah Td]
f89dc1ef: shows [Qs Ac]
*** FLOP *** [6h Jh 2h]
*** TURN *** [6h Jh 2h] [3c]
*** RIVER *** [6h Jh 2h 3c] [9h]
*** SHOWDOWN ***
988f3516 collected 169,630 from pot
*** SUMMARY ***
Total pot 169,630 | Rake 0 | Jackpot 0 | Bingo 0 | Fortune 0 | Tax 0
Board [6h Jh 2h 3c 9h]
Seat 1: 7c16b4d folded before Flop
Seat 2: 988f3516 showed [Ah Td] and won (169,630) with Ace High Flush
Seat 3: Hero folded before Flop
Seat 4: f89dc1ef (button) showed [Qs Ac] and lost with Ace-High
Seat 5: 20a0de12 (small blind) folded before Flop
Seat 6: 71104f81 (big blind) folded before Flop
Seat 7: 7f542d6c folded before Flop
Seat 8: d58b6ca8 folded before Flop


Poker Hand #TM3558965371: Tournament #156953735, Bounty Hunters Mini Big Game $2.50 Hold'em No Limit - Level4(600/1,200) - 2024/08/07 20:08:47
Table '257' 8-max Seat #3 is the button
Seat 1: 7c16b4d (104,098 in chips)
Seat 2: 988f3516 (100,000 in chips)
Seat 3: Hero (148,524 in chips)
Seat 4: f89dc1ef (121,822 in chips)
Seat 5: 20a0de12 (196,132 in chips)
Seat 6: 71104f81 (187,325 in chips)
Seat 7: 7f542d6c (137,431 in chips)
Seat 8: d58b6ca8 (83,850 in chips)
71104f81: posts the ante 180
7f542d6c: posts the ante 180
988f3516: posts the ante 180
f89dc1ef: posts the ante 180
d58b6ca8: posts the ante 180
20a0de12: posts the ante 180
Hero: posts the ante 180
7c16b4d: posts the ante 180
f89dc1ef: posts small blind 600
20a0de12: posts big blind 1,200
*** HOLE CARDS ***
Dealt to 7c16b4d 
Dealt to 988f3516 
Dealt to Hero [Ac Jc]
Dealt to f89dc1ef 
Dealt to 20a0de12 
Dealt to 71104f81 
Dealt to 7f542d6c 
Dealt to d58b6ca8 
71104f81: folds
7f542d6c: folds
d58b6ca8: folds
7c16b4d: raises 1,200 to 2,400
988f3516: calls 2,400
Hero: raises 3,446 to 5,846
f89dc1ef: folds
20a0de12: folds
7c16b4d: raises 12,999 to 18,845
988f3516: calls 16,445
Hero: calls 12,999
*** FLOP *** [Ts 2d 3s]
7c16b4d: bets 85,073 and is all-in
988f3516: folds
Hero: folds
Uncalled bet (85,073) returned to 7c16b4d
*** SHOWDOWN ***
7c16b4d collected 59,775 from pot
*** SUMMARY ***
Total pot 59,775 | Rake 0 | Jackpot 0 | Bingo 0 | Fortune 0 | Tax 0
Board [Ts 2d 3s]
Seat 1: 7c16b4d won (59,775)
Seat 2: 988f3516 folded on the Flop
Seat 3: Hero (button) folded on the Flop
Seat 4: f89dc1ef (small blind) folded before Flop
Seat 5: 20a0de12 (big blind) folded before Flop
Seat 6: 71104f81 folded before Flop
Seat 7: 7f542d6c folded before Flop
Seat 8: d58b6ca8 folded before Flop


Poker Hand #TM3558965332: Tournament #156953735, Bounty Hunters Mini Big Game $2.50 Hold'em No Limit - Level4(600/1,200) - 2024/08/07 20:08:15
Table '257' 8-max Seat #1 is the button
Seat 1: 7c16b4d (104,278 in chips)
Seat 3: Hero (149,304 in chips)
Seat 4: f89dc1ef (124,402 in chips)
Seat 5: 20a0de12 (196,312 in chips)
Seat 6: 71104f81 (187,505 in chips)
Seat 7: 7f542d6c (133,351 in chips)
Seat 8: d58b6ca8 (84,030 in chips)
71104f81: posts the ante 180
7f542d6c: posts the ante 180
f89dc1ef: posts the ante 180
d58b6ca8: posts the ante 180
20a0de12: posts the ante 180
Hero: posts the ante 180
7c16b4d: posts the ante 180
Hero: posts small blind 600
f89dc1ef: posts big blind 1,200
*** HOLE CARDS ***
Dealt to 7c16b4d 
Dealt to Hero [9c 6h]
Dealt to f89dc1ef 
Dealt to 20a0de12 
Dealt to 71104f81 
Dealt to 7f542d6c 
Dealt to d58b6ca8 
20a0de12: folds
71104f81: folds
7f542d6c: raises 1,200 to 2,400
d58b6ca8: folds
7c16b4d: folds
Hero: folds
f89dc1ef: calls 1,200
*** FLOP *** [Jh Jd As]
f89dc1ef: checks
7f542d6c: checks
*** TURN *** [Jh Jd As] [Tc]
f89dc1ef: checks
7f542d6c: bets 5,328
f89dc1ef: folds
Uncalled bet (5,328) returned to 7f542d6c
*** SHOWDOWN ***
7f542d6c collected 6,660 from pot
*** SUMMARY ***
Total pot 6,660 | Rake 0 | Jackpot 0 | Bingo 0 | Fortune 0 | Tax 0
Board [Jh Jd As Tc]
Seat 1: 7c16b4d (button) folded before Flop
Seat 3: Hero (small blind) folded before Flop
Seat 4: f89dc1ef (big blind) folded on the Turn
Seat 5: 20a0de12 folded before Flop
Seat 6: 71104f81 folded before Flop
Seat 7: 7f542d6c won (6,660)
Seat 8: d58b6ca8 folded before Flop


Poker Hand #TM3558965314: Tournament #156953735, Bounty Hunters Mini Big Game $2.50 Hold'em No Limit - Level4(600/1,200) - 2024/08/07 20:07:55
Table '257' 8-max Seat #8 is the button
Seat 1: 7c16b4d (101,998 in chips)
Seat 3: Hero (150,684 in chips)
Seat 4: f89dc1ef (124,582 in chips)
Seat 5: 20a0de12 (196,492 in chips)
Seat 6: 71104f81 (187,685 in chips)
Seat 7: 7f542d6c (133,531 in chips)
Seat 8: d58b6ca8 (84,210 in chips)
71104f81: posts the ante 180
7f542d6c: posts the ante 180
f89dc1ef: posts the ante 180
d58b6ca8: posts the ante 180
20a0de12: posts the ante 180
Hero: posts the ante 180
7c16b4d: posts the ante 180
7c16b4d: posts small blind 600
Hero: posts big blind 1,200
*** HOLE CARDS ***
Dealt to 7c16b4d 
Dealt to Hero [Td 8c]
Dealt to f89dc1ef 
Dealt to 20a0de12 
Dealt to 71104f81 
Dealt to 7f542d6c 
Dealt to d58b6ca8 
f89dc1ef: folds
20a0de12: folds
71104f81: folds
7f542d6c: folds
d58b6ca8: folds
7c16b4d: raises 2,400 to 3,600
Hero: folds
Uncalled bet (2,400) returned to 7c16b4d
*** SHOWDOWN ***
7c16b4d collected 3,660 from pot
*** SUMMARY ***
Total pot 3,660 | Rake 0 | Jackpot 0 | Bingo 0 | Fortune 0 | Tax 0
Seat 1: 7c16b4d (small blind) collected (3,660)
Seat 3: Hero (big blind) folded before Flop
Seat 4: f89dc1ef folded before Flop
Seat 5: 20a0de12 folded before Flop
Seat 6: 71104f81 folded before Flop
Seat 7: 7f542d6c folded before Flop
Seat 8: d58b6ca8 (button) folded before Flop


Poker Hand #TM3558965249: Tournament #156953735, Bounty Hunters Mini Big Game $2.50 Hold'em No Limit - Level3(400/800) - 2024/08/07 20:06:57
Table '257' 8-max Seat #7 is the button
Seat 1: 7c16b4d (95,286 in chips)
Seat 2: 55d73807 (99,520 in chips)
Seat 3: Hero (150,804 in chips)
Seat 4: f89dc1ef (124,702 in chips)
Seat 5: 20a0de12 (196,612 in chips)
Seat 6: 71104f81 (189,485 in chips)
Seat 7: 7f542d6c (133,651 in chips)
Seat 8: d58b6ca8 (84,730 in chips)
71104f81: posts the ante 120
7f542d6c: posts the ante 120
f89dc1ef: posts the ante 120
20a0de12: posts the ante 120
55d73807: posts the ante 120
d58b6ca8: posts the ante 120
Hero: posts the ante 120
7c16b4d: posts the ante 120
d58b6ca8: posts small blind 400
7c16b4d: posts big blind 800
*** HOLE CARDS ***
Dealt to 7c16b4d 
Dealt to 55d73807 
Dealt to Hero [3s Qs]
Dealt to f89dc1ef 
Dealt to 20a0de12 
Dealt to 71104f81 
Dealt to 7f542d6c 
Dealt to d58b6ca8 
55d73807: raises 880 to 1,680
Hero: folds
f89dc1ef: folds
20a0de12: folds
71104f81: calls 1,680
7f542d6c: folds
d58b6ca8: folds
7c16b4d: calls 880
*** FLOP *** [9h 7d 6c]
7c16b4d: checks
55d73807: checks
71104f81: checks
*** TURN *** [9h 7d 6c] [Kd]
7c16b4d: checks
55d73807: bets 2,112
71104f81: folds
7c16b4d: calls 2,112
*** RIVER *** [9h 7d 6c Kd] [Ad]
7c16b4d: checks
55d73807: checks
7c16b4d: shows [Td 6d] (Ace High Flush)
55d73807: shows [Ks Qh] (Pair of Kings)
*** SHOWDOWN ***
7c16b4d collected 10,624 from pot
*** SUMMARY ***
Total pot 10,624 | Rake 0 | Jackpot 0 | Bingo 0 | Fortune 0 | Tax 0
Board [9h 7d 6c Kd Ad]
Seat 1: 7c16b4d (big blind) showed [Td 6d] and won (10,624) with Ace High Flush
Seat 2: 55d73807 showed [Ks Qh] and lost with Pair of Kings
Seat 3: Hero folded before Flop
Seat 4: f89dc1ef folded before Flop
Seat 5: 20a0de12 folded before Flop
Seat 6: 71104f81 folded on the Turn
Seat 7: 7f542d6c (button) folded before Flop
Seat 8: d58b6ca8 (small blind) folded before Flop


Poker Hand #TM3558965218: Tournament #156953735, Bounty Hunters Mini Big Game $2.50 Hold'em No Limit - Level3(400/800) - 2024/08/07 20:06:19
Table '257' 8-max Seat #6 is the button
Seat 1: 7c16b4d (95,406 in chips)
Seat 2: 55d73807 (99,640 in chips)
Seat 3: Hero (150,924 in chips)
Seat 4: f89dc1ef (124,822 in chips)
Seat 5: 20a0de12 (196,732 in chips)
Seat 6: 71104f81 (189,605 in chips)
Seat 7: 7f542d6c (132,011 in chips)
Seat 8: d58b6ca8 (85,650 in chips)
71104f81: posts the ante 120
7f542d6c: posts the ante 120
f89dc1ef: posts the ante 120
20a0de12: posts the ante 120
55d73807: posts the ante 120
d58b6ca8: posts the ante 120
Hero: posts the ante 120
7c16b4d: posts the ante 120
7f542d6c: posts small blind 400
d58b6ca8: posts big blind 800
*** HOLE CARDS ***
Dealt to 7c16b4d 
Dealt to 55d73807 
Dealt to Hero [6h Td]
Dealt to f89dc1ef 
Dealt to 20a0de12 
Dealt to 71104f81 
Dealt to 7f542d6c 
Dealt to d58b6ca8 
7c16b4d: folds
55d73807: folds
Hero: folds
f89dc1ef: folds
20a0de12: folds
71104f81: folds
7f542d6c: raises 2,000 to 2,800
d58b6ca8: folds
Uncalled bet (2,000) returned to 7f542d6c
*** SHOWDOWN ***
7f542d6c collected 2,560 from pot
*** SUMMARY ***
Total pot 2,560 | Rake 0 | Jackpot 0 | Bingo 0 | Fortune 0 | Tax 0
Seat 1: 7c16b4d folded before Flop
Seat 2: 55d73807 folded before Flop
Seat 3: Hero folded before Flop
Seat 4: f89dc1ef folded before Flop
Seat 5: 20a0de12 folded before Flop
Seat 6: 71104f81 (button) folded before Flop
Seat 7: 7f542d6c (small blind) collected (2,560)
Seat 8: d58b6ca8 (big blind) folded before Flop


Poker Hand #TM3558965180: Tournament #156953735, Bounty Hunters Mini Big Game $2.50 Hold'em No Limit - Level3(400/800) - 2024/08/07 20:05:45
Table '257' 8-max Seat #5 is the button
Seat 1: 7c16b4d (95,526 in chips)
Seat 2: 55d73807 (99,760 in chips)
Seat 3: Hero (151,044 in chips)
Seat 4: f89dc1ef (126,542 in chips)
Seat 5: 20a0de12 (202,633 in chips)
Seat 6: 71104f81 (180,584 in chips)
Seat 7: 7f542d6c (132,931 in chips)
Seat 8: d58b6ca8 (85,770 in chips)
71104f81: posts the ante 120
7f542d6c: posts the ante 120
f89dc1ef: posts the ante 120
20a0de12: posts the ante 120
55d73807: posts the ante 120
d58b6ca8: posts the ante 120
Hero: posts the ante 120
7c16b4d: posts the ante 120
71104f81: posts small blind 400
7f542d6c: posts big blind 800
*** HOLE CARDS ***
Dealt to 7c16b4d 
Dealt to 55d73807 
Dealt to Hero [7c Jh]
Dealt to f89dc1ef 
Dealt to 20a0de12 
Dealt to 71104f81 
Dealt to 7f542d6c 
Dealt to d58b6ca8 
d58b6ca8: folds
7c16b4d: folds
55d73807: folds
Hero: folds
f89dc1ef: raises 800 to 1,600
20a0de12: raises 4,181 to 5,781
71104f81: raises 14,922 to 20,703
7f542d6c: folds
f89dc1ef: folds
20a0de12: folds
Uncalled bet (14,922) returned to 71104f81
71104f81: shows [As Ad]
*** SHOWDOWN ***
71104f81 collected 14,922 from pot
*** SUMMARY ***
Total pot 14,922 | Rake 0 | Jackpot 0 | Bingo 0 | Fortune 0 | Tax 0
Seat 1: 7c16b4d folded before Flop
Seat 2: 55d73807 folded before Flop
Seat 3: Hero folded before Flop
Seat 4: f89dc1ef folded before Flop
Seat 5: 20a0de12 (button) folded before Flop
Seat 6: 71104f81 (small blind) showed [As Ad] and collected (14,922)
Seat 7: 7f542d6c (big blind) folded before Flop
Seat 8: d58b6ca8 folded before Flop


Poker Hand #TM3558965080: Tournament #156953735, Bounty Hunters Mini Big Game $2.50 Hold'em No Limit - Level3(400/800) - 2024/08/07 20:04:01
Table '257' 8-max Seat #4 is the button
Seat 1: 7c16b4d (95,646 in chips)
Seat 2: 55d73807 (99,880 in chips)
Seat 3: Hero (151,164 in chips)
Seat 4: f89dc1ef (125,782 in chips)
Seat 5: 20a0de12 (201,873 in chips)
Seat 6: 71104f81 (181,504 in chips)
Seat 7: 7f542d6c (133,051 in chips)
Seat 8: d58b6ca8 (85,890 in chips)
71104f81: posts the ante 120
7f542d6c: posts the ante 120
f89dc1ef: posts the ante 120
55d73807: posts the ante 120
d58b6ca8: posts the ante 120
20a0de12: posts the ante 120
Hero: posts the ante 120
7c16b4d: posts the ante 120
20a0de12: posts small blind 400
71104f81: posts big blind 800
*** HOLE CARDS ***
Dealt to 7c16b4d 
Dealt to 55d73807 
Dealt to Hero [Kh 7d]
Dealt to f89dc1ef 
Dealt to 20a0de12 
Dealt to 71104f81 
Dealt to 7f542d6c 
Dealt to d58b6ca8 
7f542d6c: folds
d58b6ca8: folds
7c16b4d: folds
55d73807: folds
Hero: folds
f89dc1ef: raises 800 to 1,600
20a0de12: calls 1,200
71104f81: folds
*** FLOP *** [8h Ad 4s]
20a0de12: checks
f89dc1ef: checks
*** TURN *** [8h Ad 4s] [4d]
20a0de12: checks
f89dc1ef: checks
*** RIVER *** [8h Ad 4s 4d] [8s]
20a0de12: checks
f89dc1ef: checks
20a0de12: shows [Tc 9d] (Pair of Eights and Pair of Fours)
f89dc1ef: shows [9c Kc] (Pair of Eights and Pair of Fours)
*** SHOWDOWN ***
f89dc1ef collected 2,480 from pot
20a0de12 collected 2,480 from pot
*** SUMMARY ***
Total pot 4,960 | Rake 0 | Jackpot 0 | Bingo 0 | Fortune 0 | Tax 0
Board [8h Ad 4s 4d 8s]
Seat 1: 7c16b4d folded before Flop
Seat 2: 55d73807 folded before Flop
Seat 3: Hero folded before Flop
Seat 4: f89dc1ef (button) showed [9c Kc] and won (2,480) with Pair of Eights and Pair of Fours
Seat 5: 20a0de12 (small blind) showed [Tc 9d] and won (2,480) with Pair of Eights and Pair of Fours
Seat 6: 71104f81 (big blind) folded before Flop
Seat 7: 7f542d6c folded before Flop
Seat 8: d58b6ca8 folded before Flop


Poker Hand #TM3558964987: Tournament #156953735, Bounty Hunters Mini Big Game $2.50 Hold'em No Limit - Level3(400/800) - 2024/08/07 20:02:20
Table '257' 8-max Seat #3 is the button
Seat 1: 7c16b4d (100,000 in chips)
Seat 2: 55d73807 (100,000 in chips)
Seat 3: Hero (151,284 in chips)
Seat 4: f89dc1ef (126,302 in chips)
Seat 5: 20a0de12 (196,399 in chips)
Seat 6: 71104f81 (181,624 in chips)
Seat 7: 7f542d6c (133,171 in chips)
Seat 8: d58b6ca8 (86,010 in chips)
71104f81: posts the ante 120
7f542d6c: posts the ante 120
f89dc1ef: posts the ante 120
55d73807: posts the ante 120
d58b6ca8: posts the ante 120
20a0de12: posts the ante 120
Hero: posts the ante 120
7c16b4d: posts the ante 120
f89dc1ef: posts small blind 400
20a0de12: posts big blind 800
*** HOLE CARDS ***
Dealt to 7c16b4d 
Dealt to 55d73807 
Dealt to Hero [7h 3s]
Dealt to f89dc1ef 
Dealt to 20a0de12 
Dealt to 71104f81 
Dealt to 7f542d6c 
Dealt to d58b6ca8 
71104f81: folds
7f542d6c: folds
d58b6ca8: folds
7c16b4d: calls 800
55d73807: folds
Hero: folds
f89dc1ef: folds
20a0de12: checks
*** FLOP *** [2d Tc 7d]
20a0de12: checks
7c16b4d: bets 977
20a0de12: calls 977
*** TURN *** [2d Tc 7d] [6h]
20a0de12: checks
7c16b4d: bets 2,457
20a0de12: calls 2,457
*** RIVER *** [2d Tc 7d 6h] [Kc]
20a0de12: checks
7c16b4d: checks
20a0de12: shows [2h Jc] (Pair of Twos)
7c16b4d: shows [5h Ac] (Ace-High)
*** SHOWDOWN ***
20a0de12 collected 9,828 from pot
*** SUMMARY ***
Total pot 9,828 | Rake 0 | Jackpot 0 | Bingo 0 | Fortune 0 | Tax 0
Board [2d Tc 7d 6h Kc]
Seat 1: 7c16b4d showed [5h Ac] and lost with Ace-High
Seat 2: 55d73807 folded before Flop
Seat 3: Hero (button) folded before Flop
Seat 4: f89dc1ef (small blind) folded before Flop
Seat 5: 20a0de12 (big blind) showed [2h Jc] and won (9,828) with Pair of Twos
Seat 6: 71104f81 folded before Flop
Seat 7: 7f542d6c folded before Flop
Seat 8: d58b6ca8 folded before Flop


Poker Hand #TM3559470922: Tournament #156953735, Bounty Hunters Mini Big Game $2.50 Hold'em No Limit - Level3(400/800) - 2024/08/07 19:54:45
Table '122' 8-max Seat #1 is the button
Seat 1: 8cda2aa6 (107,057 in chips)
Seat 2: 35534c5f (92,853 in chips)
Seat 3: bbaf4a5 (98,426 in chips)
Seat 4: f23aa82b (99,580 in chips)
Seat 5: Hero (151,404 in chips)
Seat 6: 81f2b899 (93,186 in chips)
Seat 7: caf0c370 (82,938 in chips)
Seat 8: 4836099 (108,727 in chips)
caf0c370: posts the ante 120
f23aa82b: posts the ante 120
bbaf4a5: posts the ante 120
8cda2aa6: posts the ante 120
81f2b899: posts the ante 120
35534c5f: posts the ante 120
4836099: posts the ante 120
Hero: posts the ante 120
35534c5f: posts small blind 400
bbaf4a5: posts big blind 800
*** HOLE CARDS ***
Dealt to 8cda2aa6 
Dealt to 35534c5f 
Dealt to bbaf4a5 
Dealt to f23aa82b 
Dealt to Hero [7c Tc]
Dealt to 81f2b899 
Dealt to caf0c370 
Dealt to 4836099 
f23aa82b: folds
Hero: folds
81f2b899: folds
caf0c370: raises 800 to 1,600
4836099: folds
8cda2aa6: folds
35534c5f: folds
bbaf4a5: calls 800
*** FLOP *** [Td 8s 2h]
bbaf4a5: checks
caf0c370: checks
*** TURN *** [Td 8s 2h] [6d]
bbaf4a5: bets 4,560
caf0c370: calls 4,560
*** RIVER *** [Td 8s 2h 6d] [9h]
bbaf4a5: bets 21,600
caf0c370: calls 21,600
bbaf4a5: shows [4d Ah] (Ace-High)
caf0c370: shows [Jh 8h] (Pair of Eights)
*** SHOWDOWN ***
caf0c370 collected 56,880 from pot
*** SUMMARY ***
Total pot 56,880 | Rake 0 | Jackpot 0 | Bingo 0 | Fortune 0 | Tax 0
Board [Td 8s 2h 6d 9h]
Seat 1: 8cda2aa6 (button) folded before Flop
Seat 2: 35534c5f (small blind) folded before Flop
Seat 3: bbaf4a5 (big blind) showed [4d Ah] and lost with Ace-High
Seat 4: f23aa82b folded before Flop
Seat 5: Hero folded before Flop
Seat 6: 81f2b899 folded before Flop
Seat 7: caf0c370 showed [Jh 8h] and won (56,880) with Pair of Eights
Seat 8: 4836099 folded before Flop


Poker Hand #TM3559470763: Tournament #156953735, Bounty Hunters Mini Big Game $2.50 Hold'em No Limit - Level3(400/800) - 2024/08/07 19:52:34
Table '122' 8-max Seat #8 is the button
Seat 1: 8cda2aa6 (113,981 in chips)
Seat 2: 35534c5f (89,091 in chips)
Seat 3: bbaf4a5 (98,546 in chips)
Seat 4: f23aa82b (99,700 in chips)
Seat 5: Hero (151,524 in chips)
Seat 6: 81f2b899 (93,306 in chips)
Seat 7: caf0c370 (83,058 in chips)
Seat 8: 4836099 (104,965 in chips)
caf0c370: posts the ante 120
f23aa82b: posts the ante 120
bbaf4a5: posts the ante 120
81f2b899: posts the ante 120
8cda2aa6: posts the ante 120
35534c5f: posts the ante 120
4836099: posts the ante 120
Hero: posts the ante 120
8cda2aa6: posts small blind 400
35534c5f: posts big blind 800
*** HOLE CARDS ***
Dealt to 8cda2aa6 
Dealt to 35534c5f 
Dealt to bbaf4a5 
Dealt to f23aa82b 
Dealt to Hero [7s 2c]
Dealt to 81f2b899 
Dealt to caf0c370 
Dealt to 4836099 
bbaf4a5: folds
f23aa82b: folds
Hero: folds
81f2b899: folds
caf0c370: folds
4836099: calls 800
8cda2aa6: calls 400
35534c5f: checks
*** FLOP *** [Qs Jh 4h]
8cda2aa6: checks
35534c5f: checks
4836099: checks
*** TURN *** [Qs Jh 4h] [4s]
8cda2aa6: bets 2,050
35534c5f: raises 3,954 to 6,004
4836099: calls 6,004
8cda2aa6: calls 3,954
*** RIVER *** [Qs Jh 4h 4s] [Kd]
8cda2aa6: checks
35534c5f: bets 11,328
4836099: raises 12,672 to 24,000
8cda2aa6: folds
35534c5f: raises 58,167 to 82,167 and is all-in
4836099: calls 58,167
35534c5f: shows [4d Ks] (Fours Full over Kings)
4836099: shows [Kc 4c] (Fours Full over Kings)
*** SHOWDOWN ***
4836099 collected 92,853 from pot
35534c5f collected 92,853 from pot
*** SUMMARY ***
Total pot 185,706 | Rake 0 | Jackpot 0 | Bingo 0 | Fortune 0 | Tax 0
Board [Qs Jh 4h 4s Kd]
Seat 1: 8cda2aa6 (small blind) folded on the River
Seat 2: 35534c5f (big blind) showed [4d Ks] and won (92,853) with Fours Full over Kings
Seat 3: bbaf4a5 folded before Flop
Seat 4: f23aa82b folded before Flop
Seat 5: Hero folded before Flop
Seat 6: 81f2b899 folded before Flop
Seat 7: caf0c370 folded before Flop
Seat 8: 4836099 (button) showed [Kc 4c] and won (92,853) with Fours Full over Kings


Poker Hand #TM3559470644: Tournament #156953735, Bounty Hunters Mini Big Game $2.50 Hold'em No Limit - Level3(400/800) - 2024/08/07 19:50:52
Table '122' 8-max Seat #7 is the button
Seat 1: 8cda2aa6 (116,101 in chips)
Seat 2: 35534c5f (89,211 in chips)
Seat 3: bbaf4a5 (100,666 in chips)
Seat 4: f23aa82b (99,820 in chips)
Seat 5: Hero (129,541 in chips)
Seat 6: 81f2b899 (93,426 in chips)
Seat 7: caf0c370 (99,921 in chips)
Seat 8: 4836099 (105,485 in chips)
caf0c370: posts the ante 120
f23aa82b: posts the ante 120
bbaf4a5: posts the ante 120
81f2b899: posts the ante 120
8cda2aa6: posts the ante 120
35534c5f: posts the ante 120
Hero: posts the ante 120
4836099: posts the ante 120
4836099: posts small blind 400
8cda2aa6: posts big blind 800
*** HOLE CARDS ***
Dealt to 8cda2aa6 
Dealt to 35534c5f 
Dealt to bbaf4a5 
Dealt to f23aa82b 
Dealt to Hero [Ks 9h]
Dealt to 81f2b899 
Dealt to caf0c370 
Dealt to 4836099 
35534c5f: folds
bbaf4a5: raises 1,200 to 2,000
f23aa82b: folds
Hero: calls 2,000
81f2b899: folds
caf0c370: calls 2,000
4836099: folds
8cda2aa6: calls 1,200
*** FLOP *** [8d 2d 5d]
8cda2aa6: checks
bbaf4a5: checks
Hero: checks
caf0c370: checks
*** TURN *** [8d 2d 5d] [Kc]
8cda2aa6: checks
bbaf4a5: checks
Hero: bets 3,089
caf0c370: calls 3,089
8cda2aa6: folds
bbaf4a5: folds
*** RIVER *** [8d 2d 5d Kc] [9c]
Hero: bets 11,654
caf0c370: calls 11,654
Hero: shows [Ks 9h] (Pair of Kings and Pair of Nines)
caf0c370: shows [7s 7c] (Pair of Sevens)
*** SHOWDOWN ***
Hero collected 38,846 from pot
*** SUMMARY ***
Total pot 38,846 | Rake 0 | Jackpot 0 | Bingo 0 | Fortune 0 | Tax 0
Board [8d 2d 5d Kc 9c]
Seat 1: 8cda2aa6 (big blind) folded on the Turn
Seat 2: 35534c5f folded before Flop
Seat 3: bbaf4a5 folded on the Turn
Seat 4: f23aa82b folded before Flop
Seat 5: Hero showed [Ks 9h] and won (38,846) with Pair of Kings and Pair of Nines
Seat 6: 81f2b899 folded before Flop
Seat 7: caf0c370 (button) showed [7s 7c] and lost with Pair of Sevens
Seat 8: 4836099 (small blind) folded before Flop


Poker Hand #TM3559470557: Tournament #156953735, Bounty Hunters Mini Big Game $2.50 Hold'em No Limit - Level2(300/600) - 2024/08/07 19:49:38
Table '122' 8-max Seat #6 is the button
Seat 1: 8cda2aa6 (116,191 in chips)
Seat 2: 35534c5f (89,301 in chips)
Seat 3: bbaf4a5 (100,756 in chips)
Seat 4: f23aa82b (99,910 in chips)
Seat 5: Hero (132,541 in chips)
Seat 6: 81f2b899 (93,516 in chips)
Seat 7: caf0c370 (100,311 in chips)
Seat 8: 4836099 (101,645 in chips)
caf0c370: posts the ante 90
f23aa82b: posts the ante 90
bbaf4a5: posts the ante 90
81f2b899: posts the ante 90
8cda2aa6: posts the ante 90
35534c5f: posts the ante 90
Hero: posts the ante 90
4836099: posts the ante 90
caf0c370: posts small blind 300
4836099: posts big blind 600
*** HOLE CARDS ***
Dealt to 8cda2aa6 
Dealt to 35534c5f 
Dealt to bbaf4a5 
Dealt to f23aa82b 
Dealt to Hero [4d 8d]
Dealt to 81f2b899 
Dealt to caf0c370 
Dealt to 4836099 
8cda2aa6: folds
35534c5f: folds
bbaf4a5: folds
f23aa82b: folds
Hero: raises 600 to 1,200
81f2b899: folds
caf0c370: folds
4836099: calls 600
*** FLOP *** [Ac Js 4s]
4836099: checks
Hero: bets 1,710
4836099: calls 1,710
*** TURN *** [Ac Js 4s] [6c]
4836099: checks
Hero: checks
*** RIVER *** [Ac Js 4s 6c] [Qc]
4836099: bets 3,000
Hero: folds
Uncalled bet (3,000) returned to 4836099
*** SHOWDOWN ***
4836099 collected 6,840 from pot
*** SUMMARY ***
Total pot 6,840 | Rake 0 | Jackpot 0 | Bingo 0 | Fortune 0 | Tax 0
Board [Ac Js 4s 6c Qc]
Seat 1: 8cda2aa6 folded before Flop
Seat 2: 35534c5f folded before Flop
Seat 3: bbaf4a5 folded before Flop
Seat 4: f23aa82b folded before Flop
Seat 5: Hero folded on the River
Seat 6: 81f2b899 (button) folded before Flop
Seat 7: caf0c370 (small blind) folded before Flop
Seat 8: 4836099 (big blind) won (6,840)


Poker Hand #TM3559470442: Tournament #156953735, Bounty Hunters Mini Big Game $2.50 Hold'em No Limit - Level2(300/600) - 2024/08/07 19:47:56
Table '122' 8-max Seat #5 is the button
Seat 1: 8cda2aa6 (116,281 in chips)
Seat 2: 35534c5f (89,391 in chips)
Seat 3: bbaf4a5 (100,846 in chips)
Seat 4: f23aa82b (100,000 in chips)
Seat 5: Hero (132,631 in chips)
Seat 6: 81f2b899 (97,330 in chips)
Seat 7: caf0c370 (95,957 in chips)
Seat 8: 4836099 (101,735 in chips)
caf0c370: posts the ante 90
f23aa82b: posts the ante 90
bbaf4a5: posts the ante 90
8cda2aa6: posts the ante 90
81f2b899: posts the ante 90
35534c5f: posts the ante 90
Hero: posts the ante 90
4836099: posts the ante 90
81f2b899: posts small blind 300
caf0c370: posts big blind 600
*** HOLE CARDS ***
Dealt to 8cda2aa6 
Dealt to 35534c5f 
Dealt to bbaf4a5 
Dealt to f23aa82b 
Dealt to Hero [Qs 4d]
Dealt to 81f2b899 
Dealt to caf0c370 
Dealt to 4836099 
4836099: folds
8cda2aa6: folds
35534c5f: folds
bbaf4a5: folds
f23aa82b: folds
Hero: folds
81f2b899: raises 1,500 to 2,100
caf0c370: calls 1,500
*** FLOP *** [Jd 3c 2s]
81f2b899: bets 1,624
caf0c370: calls 1,624
*** TURN *** [Jd 3c 2s] [3s]
81f2b899: checks
caf0c370: checks
*** RIVER *** [Jd 3c 2s 3s] [Jc]
81f2b899: checks
caf0c370: checks
81f2b899: shows [Qh 5c] (Pair of Jacks and Pair of Treys)
caf0c370: shows [9d Ac] (Pair of Jacks and Pair of Treys)
*** SHOWDOWN ***
caf0c370 collected 8,168 from pot
*** SUMMARY ***
Total pot 8,168 | Rake 0 | Jackpot 0 | Bingo 0 | Fortune 0 | Tax 0
Board [Jd 3c 2s 3s Jc]
Seat 1: 8cda2aa6 folded before Flop
Seat 2: 35534c5f folded before Flop
Seat 3: bbaf4a5 folded before Flop
Seat 4: f23aa82b folded before Flop
Seat 5: Hero (button) folded before Flop
Seat 6: 81f2b899 (small blind) showed [Qh 5c] and lost with Pair of Jacks and Pair of Treys
Seat 7: caf0c370 (big blind) showed [9d Ac] and won (8,168) with Pair of Jacks and Pair of Treys
Seat 8: 4836099 folded before Flop


Poker Hand #TM3559470346: Tournament #156953735, Bounty Hunters Mini Big Game $2.50 Hold'em No Limit - Level2(300/600) - 2024/08/07 19:46:28
Table '122' 8-max Seat #3 is the button
Seat 1: 8cda2aa6 (116,371 in chips)
Seat 2: 35534c5f (92,114 in chips)
Seat 3: bbaf4a5 (93,540 in chips)
Seat 5: Hero (133,021 in chips)
Seat 6: 81f2b899 (98,620 in chips)
Seat 7: caf0c370 (98,680 in chips)
Seat 8: 4836099 (101,825 in chips)
caf0c370: posts the ante 90
bbaf4a5: posts the ante 90
8cda2aa6: posts the ante 90
81f2b899: posts the ante 90
35534c5f: posts the ante 90
4836099: posts the ante 90
Hero: posts the ante 90
Hero: posts small blind 300
81f2b899: posts big blind 600
*** HOLE CARDS ***
Dealt to 8cda2aa6 
Dealt to 35534c5f 
Dealt to bbaf4a5 
Dealt to Hero [3d 5s]
Dealt to 81f2b899 
Dealt to caf0c370 
Dealt to 4836099 
caf0c370: raises 600 to 1,200
4836099: folds
8cda2aa6: folds
35534c5f: calls 1,200
bbaf4a5: calls 1,200
Hero: folds
81f2b899: calls 600
*** FLOP *** [Kd 5c Js]
81f2b899: checks
caf0c370: checks
35534c5f: checks
bbaf4a5: bets 1,433
81f2b899: folds
caf0c370: calls 1,433
35534c5f: calls 1,433
*** TURN *** [Kd 5c Js] [7c]
caf0c370: checks
35534c5f: checks
bbaf4a5: bets 5,216
caf0c370: folds
35534c5f: folds
Uncalled bet (5,216) returned to bbaf4a5
*** SHOWDOWN ***
bbaf4a5 collected 10,029 from pot
*** SUMMARY ***
Total pot 10,029 | Rake 0 | Jackpot 0 | Bingo 0 | Fortune 0 | Tax 0
Board [Kd 5c Js 7c]
Seat 1: 8cda2aa6 folded before Flop
Seat 2: 35534c5f folded on the Turn
Seat 3: bbaf4a5 (button) won (10,029)
Seat 5: Hero (small blind) folded before Flop
Seat 6: 81f2b899 (big blind) folded on the Flop
Seat 7: caf0c370 folded on the Turn
Seat 8: 4836099 folded before Flop


Poker Hand #TM3559470320: Tournament #156953735, Bounty Hunters Mini Big Game $2.50 Hold'em No Limit - Level2(300/600) - 2024/08/07 19:46:07
Table '122' 8-max Seat #2 is the button
Seat 1: 8cda2aa6 (117,661 in chips)
Seat 2: 35534c5f (89,474 in chips)
Seat 3: bbaf4a5 (93,930 in chips)
Seat 5: Hero (133,711 in chips)
Seat 6: 81f2b899 (98,710 in chips)
Seat 7: caf0c370 (98,770 in chips)
Seat 8: 4836099 (101,915 in chips)
caf0c370: posts the ante 90
bbaf4a5: posts the ante 90
8cda2aa6: posts the ante 90
81f2b899: posts the ante 90
35534c5f: posts the ante 90
4836099: posts the ante 90
Hero: posts the ante 90
bbaf4a5: posts small blind 300
Hero: posts big blind 600
*** HOLE CARDS ***
Dealt to 8cda2aa6 
Dealt to 35534c5f 
Dealt to bbaf4a5 
Dealt to Hero [Ks 8s]
Dealt to 81f2b899 
Dealt to caf0c370 
Dealt to 4836099 
81f2b899: folds
caf0c370: folds
4836099: folds
8cda2aa6: raises 600 to 1,200
35534c5f: raises 2,948 to 4,148
bbaf4a5: folds
Hero: folds
8cda2aa6: folds
Uncalled bet (2,948) returned to 35534c5f
*** SHOWDOWN ***
35534c5f collected 3,930 from pot
*** SUMMARY ***
Total pot 3,930 | Rake 0 | Jackpot 0 | Bingo 0 | Fortune 0 | Tax 0
Seat 1: 8cda2aa6 folded before Flop
Seat 2: 35534c5f (button) collected (3,930)
Seat 3: bbaf4a5 (small blind) folded before Flop
Seat 5: Hero (big blind) folded before Flop
Seat 6: 81f2b899 folded before Flop
Seat 7: caf0c370 folded before Flop
Seat 8: 4836099 folded before Flop


Poker Hand #TM3559470175: Tournament #156953735, Bounty Hunters Mini Big Game $2.50 Hold'em No Limit - Level2(300/600) - 2024/08/07 19:43:52
Table '122' 8-max Seat #1 is the button
Seat 1: 8cda2aa6 (97,831 in chips)
Seat 2: 35534c5f (90,764 in chips)
Seat 3: bbaf4a5 (95,220 in chips)
Seat 4: 41b474e7 (179,239 in chips)
Seat 5: Hero (133,801 in chips)
Seat 6: 81f2b899 (100,000 in chips)
Seat 7: caf0c370 (100,060 in chips)
Seat 8: 4836099 (103,205 in chips)
caf0c370: posts the ante 90
bbaf4a5: posts the ante 90
8cda2aa6: posts the ante 90
81f2b899: posts the ante 90
41b474e7: posts the ante 90
35534c5f: posts the ante 90
4836099: posts the ante 90
Hero: posts the ante 90
35534c5f: posts small blind 300
bbaf4a5: posts big blind 600
*** HOLE CARDS ***
Dealt to 8cda2aa6 
Dealt to 35534c5f 
Dealt to bbaf4a5 
Dealt to 41b474e7 
Dealt to Hero [8d 4d]
Dealt to 81f2b899 
Dealt to caf0c370 
Dealt to 4836099 
41b474e7: raises 600 to 1,200
Hero: folds
81f2b899: calls 1,200
caf0c370: calls 1,200
4836099: calls 1,200
8cda2aa6: calls 1,200
35534c5f: calls 900
bbaf4a5: calls 600
*** FLOP *** [Kd 8h Jh]
35534c5f: checks
bbaf4a5: checks
41b474e7: bets 3,000
81f2b899: folds
caf0c370: folds
4836099: folds
8cda2aa6: calls 3,000
35534c5f: folds
bbaf4a5: folds
*** TURN *** [Kd 8h Jh] [Jd]
41b474e7: bets 9,000
8cda2aa6: calls 9,000
*** RIVER *** [Kd 8h Jh Jd] [Qs]
41b474e7: checks
8cda2aa6: bets 31,628
41b474e7: folds
Uncalled bet (31,628) returned to 8cda2aa6
*** SHOWDOWN ***
8cda2aa6 collected 33,120 from pot
*** SUMMARY ***
Total pot 33,120 | Rake 0 | Jackpot 0 | Bingo 0 | Fortune 0 | Tax 0
Board [Kd 8h Jh Jd Qs]
Seat 1: 8cda2aa6 (button) won (33,120)
Seat 2: 35534c5f (small blind) folded on the Flop
Seat 3: bbaf4a5 (big blind) folded on the Flop
Seat 4: 41b474e7 folded on the River
Seat 5: Hero folded before Flop
Seat 6: 81f2b899 folded on the Flop
Seat 7: caf0c370 folded on the Flop
Seat 8: 4836099 folded on the Flop


Poker Hand #TM3559470097: Tournament #156953735, Bounty Hunters Mini Big Game $2.50 Hold'em No Limit - Level2(300/600) - 2024/08/07 19:42:44
Table '122' 8-max Seat #8 is the button
Seat 1: 8cda2aa6 (98,221 in chips)
Seat 2: 35534c5f (91,454 in chips)
Seat 3: bbaf4a5 (95,310 in chips)
Seat 4: 41b474e7 (179,329 in chips)
Seat 5: Hero (136,886 in chips)
Seat 7: caf0c370 (100,150 in chips)
Seat 8: 4836099 (98,770 in chips)
caf0c370: posts the ante 90
bbaf4a5: posts the ante 90
8cda2aa6: posts the ante 90
41b474e7: posts the ante 90
35534c5f: posts the ante 90
4836099: posts the ante 90
Hero: posts the ante 90
8cda2aa6: posts small blind 300
35534c5f: posts big blind 600
*** HOLE CARDS ***
Dealt to 8cda2aa6 
Dealt to 35534c5f 
Dealt to bbaf4a5 
Dealt to 41b474e7 
Dealt to Hero [Ah Ts]
Dealt to caf0c370 
Dealt to 4836099 
bbaf4a5: folds
41b474e7: folds
Hero: raises 900 to 1,500
caf0c370: folds
4836099: calls 1,500
8cda2aa6: folds
35534c5f: folds
*** FLOP *** [Kh 8s 2d]
Hero: checks
4836099: checks
*** TURN *** [Kh 8s 2d] [5d]
Hero: bets 1,495
4836099: calls 1,495
*** RIVER *** [Kh 8s 2d 5d] [3c]
Hero: checks
4836099: checks
Hero: shows [Ah Ts] (Ace-High)
4836099: shows [Ac 2c] (Pair of Twos)
*** SHOWDOWN ***
4836099 collected 7,520 from pot
*** SUMMARY ***
Total pot 7,520 | Rake 0 | Jackpot 0 | Bingo 0 | Fortune 0 | Tax 0
Board [Kh 8s 2d 5d 3c]
Seat 1: 8cda2aa6 (small blind) folded before Flop
Seat 2: 35534c5f (big blind) folded before Flop
Seat 3: bbaf4a5 folded before Flop
Seat 4: 41b474e7 folded before Flop
Seat 5: Hero showed [Ah Ts] and lost with Ace-High
Seat 7: caf0c370 folded before Flop
Seat 8: 4836099 (button) showed [Ac 2c] and won (7,520) with Pair of Twos


Poker Hand #TM3559470034: Tournament #156953735, Bounty Hunters Mini Big Game $2.50 Hold'em No Limit - Level2(300/600) - 2024/08/07 19:41:46
Table '122' 8-max Seat #7 is the button
Seat 1: 8cda2aa6 (98,911 in chips)
Seat 2: 35534c5f (91,544 in chips)
Seat 3: bbaf4a5 (95,400 in chips)
Seat 4: 41b474e7 (179,419 in chips)
Seat 5: Hero (98,083 in chips)
Seat 6: 863f1ff4 (37,363 in chips)
Seat 7: caf0c370 (100,240 in chips)
Seat 8: 4836099 (99,160 in chips)
caf0c370: posts the ante 90
bbaf4a5: posts the ante 90
863f1ff4: posts the ante 90
8cda2aa6: posts the ante 90
41b474e7: posts the ante 90
35534c5f: posts the ante 90
Hero: posts the ante 90
4836099: posts the ante 90
4836099: posts small blind 300
8cda2aa6: posts big blind 600
*** HOLE CARDS ***
Dealt to 8cda2aa6 
Dealt to 35534c5f 
Dealt to bbaf4a5 
Dealt to 41b474e7 
Dealt to Hero [As Kc]
Dealt to 863f1ff4 
Dealt to caf0c370 
Dealt to 4836099 
35534c5f: folds
bbaf4a5: folds
41b474e7: folds
Hero: raises 1,200 to 1,800
863f1ff4: raises 3,915 to 5,715
caf0c370: folds
4836099: folds
8cda2aa6: folds
Hero: raises 38,685 to 44,400
863f1ff4: calls 31,558 and is all-in
Uncalled bet (7,127) returned to Hero
Hero: shows [As Kc]
863f1ff4: shows [Qs Qc]
*** FLOP *** [9s 3c 7h]
*** TURN *** [9s 3c 7h] [2c]
*** RIVER *** [9s 3c 7h 2c] [Kh]
*** SHOWDOWN ***
Hero collected 76,166 from pot
*** SUMMARY ***
Total pot 76,166 | Rake 0 | Jackpot 0 | Bingo 0 | Fortune 0 | Tax 0
Board [9s 3c 7h 2c Kh]
Seat 1: 8cda2aa6 (big blind) folded before Flop
Seat 2: 35534c5f folded before Flop
Seat 3: bbaf4a5 folded before Flop
Seat 4: 41b474e7 folded before Flop
Seat 5: Hero showed [As Kc] and won (76,166) with Pair of Kings
Seat 6: 863f1ff4 showed [Qs Qc] and lost with Pair of Queens
Seat 7: caf0c370 (button) folded before Flop
Seat 8: 4836099 (small blind) folded before Flop


Poker Hand #TM3559469977: Tournament #156953735, Bounty Hunters Mini Big Game $2.50 Hold'em No Limit - Level2(300/600) - 2024/08/07 19:40:49
Table '122' 8-max Seat #6 is the button
Seat 1: 8cda2aa6 (99,001 in chips)
Seat 2: 35534c5f (92,834 in chips)
Seat 3: bbaf4a5 (95,490 in chips)
Seat 4: 41b474e7 (179,509 in chips)
Seat 5: Hero (98,173 in chips)
Seat 6: 863f1ff4 (34,033 in chips)
Seat 7: caf0c370 (100,630 in chips)
Seat 8: 4836099 (100,450 in chips)
caf0c370: posts the ante 90
bbaf4a5: posts the ante 90
863f1ff4: posts the ante 90
8cda2aa6: posts the ante 90
41b474e7: posts the ante 90
35534c5f: posts the ante 90
Hero: posts the ante 90
4836099: posts the ante 90
caf0c370: posts small blind 300
4836099: posts big blind 600
*** HOLE CARDS ***
Dealt to 8cda2aa6 
Dealt to 35534c5f 
Dealt to bbaf4a5 
Dealt to 41b474e7 
Dealt to Hero [8c 6h]
Dealt to 863f1ff4 
Dealt to caf0c370 
Dealt to 4836099 
8cda2aa6: folds
35534c5f: raises 600 to 1,200
bbaf4a5: folds
41b474e7: folds
Hero: folds
863f1ff4: calls 1,200
caf0c370: folds
4836099: calls 600
*** FLOP *** [8d Qc 5s]
4836099: checks
35534c5f: checks
863f1ff4: checks
*** TURN *** [8d Qc 5s] [7c]
4836099: checks
35534c5f: checks
863f1ff4: checks
*** RIVER *** [8d Qc 5s 7c] [Ah]
4836099: checks
35534c5f: checks
863f1ff4: bets 4,620
4836099: folds
35534c5f: folds
Uncalled bet (4,620) returned to 863f1ff4
*** SHOWDOWN ***
863f1ff4 collected 4,620 from pot
*** SUMMARY ***
Total pot 4,620 | Rake 0 | Jackpot 0 | Bingo 0 | Fortune 0 | Tax 0
Board [8d Qc 5s 7c Ah]
Seat 1: 8cda2aa6 folded before Flop
Seat 2: 35534c5f folded on the River
Seat 3: bbaf4a5 folded before Flop
Seat 4: 41b474e7 folded before Flop
Seat 5: Hero folded before Flop
Seat 6: 863f1ff4 (button) won (4,620)
Seat 7: caf0c370 (small blind) folded before Flop
Seat 8: 4836099 (big blind) folded on the River


Poker Hand #TM3559469941: Tournament #156953735, Bounty Hunters Mini Big Game $2.50 Hold'em No Limit - Level2(300/600) - 2024/08/07 19:40:20
Table '122' 8-max Seat #5 is the button
Seat 1: 8cda2aa6 (99,091 in chips)
Seat 2: 35534c5f (92,924 in chips)
Seat 3: bbaf4a5 (95,580 in chips)
Seat 4: 41b474e7 (179,599 in chips)
Seat 5: Hero (98,263 in chips)
Seat 6: 863f1ff4 (34,423 in chips)
Seat 7: caf0c370 (99,700 in chips)
Seat 8: 4836099 (100,540 in chips)
caf0c370: posts the ante 90
bbaf4a5: posts the ante 90
863f1ff4: posts the ante 90
8cda2aa6: posts the ante 90
41b474e7: posts the ante 90
35534c5f: posts the ante 90
Hero: posts the ante 90
4836099: posts the ante 90
863f1ff4: posts small blind 300
caf0c370: posts big blind 600
*** HOLE CARDS ***
Dealt to 8cda2aa6 
Dealt to 35534c5f 
Dealt to bbaf4a5 
Dealt to 41b474e7 
Dealt to Hero [5h Qs]
Dealt to 863f1ff4 
Dealt to caf0c370 
Dealt to 4836099 
4836099: folds
8cda2aa6: folds
35534c5f: folds
bbaf4a5: folds
41b474e7: folds
Hero: folds
863f1ff4: folds
Uncalled bet (300) returned to caf0c370
*** SHOWDOWN ***
caf0c370 collected 1,320 from pot
*** SUMMARY ***
Total pot 1,320 | Rake 0 | Jackpot 0 | Bingo 0 | Fortune 0 | Tax 0
Seat 1: 8cda2aa6 folded before Flop
Seat 2: 35534c5f folded before Flop
Seat 3: bbaf4a5 folded before Flop
Seat 4: 41b474e7 folded before Flop
Seat 5: Hero (button) folded before Flop
Seat 6: 863f1ff4 (small blind) folded before Flop
Seat 7: caf0c370 (big blind) collected (1,320)
Seat 8: 4836099 folded before Flop


Poker Hand #TM3559469909: Tournament #156953735, Bounty Hunters Mini Big Game $2.50 Hold'em No Limit - Level1(200/400) - 2024/08/07 19:39:47
Table '122' 8-max Seat #4 is the button
Seat 1: 8cda2aa6 (99,951 in chips)
Seat 2: 35534c5f (92,984 in chips)
Seat 3: bbaf4a5 (95,640 in chips)
Seat 4: 41b474e7 (179,659 in chips)
Seat 5: Hero (99,123 in chips)
Seat 6: 863f1ff4 (32,403 in chips)
Seat 7: caf0c370 (99,760 in chips)
Seat 8: 4836099 (100,600 in chips)
caf0c370: posts the ante 60
bbaf4a5: posts the ante 60
863f1ff4: posts the ante 60
8cda2aa6: posts the ante 60
41b474e7: posts the ante 60
35534c5f: posts the ante 60
4836099: posts the ante 60
Hero: posts the ante 60
Hero: posts small blind 200
863f1ff4: posts big blind 400
*** HOLE CARDS ***
Dealt to 8cda2aa6 
Dealt to 35534c5f 
Dealt to bbaf4a5 
Dealt to 41b474e7 
Dealt to Hero [5c 9h]
Dealt to 863f1ff4 
Dealt to caf0c370 
Dealt to 4836099 
caf0c370: folds
4836099: folds
8cda2aa6: raises 400 to 800
35534c5f: folds
bbaf4a5: folds
41b474e7: folds
Hero: calls 600
863f1ff4: raises 27,200 to 28,000
8cda2aa6: folds
Hero: folds
Uncalled bet (27,200) returned to 863f1ff4
*** SHOWDOWN ***
863f1ff4 collected 2,880 from pot
*** SUMMARY ***
Total pot 2,880 | Rake 0 | Jackpot 0 | Bingo 0 | Fortune 0 | Tax 0
Seat 1: 8cda2aa6 folded before Flop
Seat 2: 35534c5f folded before Flop
Seat 3: bbaf4a5 folded before Flop
Seat 4: 41b474e7 (button) folded before Flop
Seat 5: Hero (small blind) folded before Flop
Seat 6: 863f1ff4 (big blind) collected (2,880)
Seat 7: caf0c370 folded before Flop
Seat 8: 4836099 folded before Flop


Poker Hand #TM3559469828: Tournament #156953735, Bounty Hunters Mini Big Game $2.50 Hold'em No Limit - Level1(200/400) - 2024/08/07 19:38:32
Table '122' 8-max Seat #3 is the button
Seat 1: 8cda2aa6 (100,011 in chips)
Seat 2: 35534c5f (89,747 in chips)
Seat 3: bbaf4a5 (95,700 in chips)
Seat 4: 41b474e7 (179,919 in chips)
Seat 5: Hero (101,000 in chips)
Seat 6: 863f1ff4 (32,463 in chips)
Seat 7: caf0c370 (99,820 in chips)
Seat 8: 4836099 (101,460 in chips)
caf0c370: posts the ante 60
bbaf4a5: posts the ante 60
863f1ff4: posts the ante 60
8cda2aa6: posts the ante 60
35534c5f: posts the ante 60
41b474e7: posts the ante 60
4836099: posts the ante 60
Hero: posts the ante 60
41b474e7: posts small blind 200
Hero: posts big blind 400
*** HOLE CARDS ***
Dealt to 8cda2aa6 
Dealt to 35534c5f 
Dealt to bbaf4a5 
Dealt to 41b474e7 
Dealt to Hero [Jh 8s]
Dealt to 863f1ff4 
Dealt to caf0c370 
Dealt to 4836099 
863f1ff4: folds
caf0c370: folds
4836099: raises 400 to 800
8cda2aa6: folds
35534c5f: calls 800
bbaf4a5: folds
41b474e7: folds
Hero: calls 400
*** FLOP *** [6s 9d Qc]
Hero: checks
4836099: checks
35534c5f: checks
*** TURN *** [6s 9d Qc] [6h]
Hero: bets 1,017
4836099: folds
35534c5f: calls 1,017
*** RIVER *** [6s 9d Qc 6h] [Kh]
Hero: checks
35534c5f: checks
Hero: shows [Jh 8s] (Pair of Sixes)
35534c5f: shows [7d 7s] (Pair of Sevens and Pair of Sixes)
*** SHOWDOWN ***
35534c5f collected 5,114 from pot
*** SUMMARY ***
Total pot 5,114 | Rake 0 | Jackpot 0 | Bingo 0 | Fortune 0 | Tax 0
Board [6s 9d Qc 6h Kh]
Seat 1: 8cda2aa6 folded before Flop
Seat 2: 35534c5f showed [7d 7s] and won (5,114) with Pair of Sevens and Pair of Sixes
Seat 3: bbaf4a5 (button) folded before Flop
Seat 4: 41b474e7 (small blind) folded before Flop
Seat 5: Hero (big blind) showed [Jh 8s] and lost with Pair of Sixes
Seat 6: 863f1ff4 folded before Flop
Seat 7: caf0c370 folded before Flop
Seat 8: 4836099 folded on the Turn


Poker Hand #TM3559469761: Tournament #156953735, Bounty Hunters Mini Big Game $2.50 Hold'em No Limit - Level1(200/400) - 2024/08/07 19:37:30
Table '122' 8-max Seat #2 is the button
Seat 1: 8cda2aa6 (95,630 in chips)
Seat 2: 35534c5f (89,807 in chips)
Seat 3: bbaf4a5 (95,960 in chips)
Seat 4: 41b474e7 (183,740 in chips)
Seat 5: Hero (101,060 in chips)
Seat 6: 863f1ff4 (32,523 in chips)
Seat 7: caf0c370 (99,880 in chips)
Seat 8: 4836099 (101,520 in chips)
caf0c370: posts the ante 60
bbaf4a5: posts the ante 60
863f1ff4: posts the ante 60
8cda2aa6: posts the ante 60
35534c5f: posts the ante 60
41b474e7: posts the ante 60
4836099: posts the ante 60
Hero: posts the ante 60
bbaf4a5: posts small blind 200
41b474e7: posts big blind 400
*** HOLE CARDS ***
Dealt to 8cda2aa6 
Dealt to 35534c5f 
Dealt to bbaf4a5 
Dealt to 41b474e7 
Dealt to Hero [Ks 4d]
Dealt to 863f1ff4 
Dealt to caf0c370 
Dealt to 4836099 
Hero: folds
863f1ff4: folds
caf0c370: folds
4836099: folds
8cda2aa6: raises 400 to 800
35534c5f: folds
bbaf4a5: folds
41b474e7: calls 400
*** FLOP *** [3d Kc Ts]
41b474e7: checks
8cda2aa6: bets 707
41b474e7: calls 707
*** TURN *** [3d Kc Ts] [4c]
41b474e7: checks
8cda2aa6: bets 2,254
41b474e7: calls 2,254
*** RIVER *** [3d Kc Ts 4c] [Qc]
41b474e7: checks
8cda2aa6: bets 8,244
41b474e7: folds
Uncalled bet (8,244) returned to 8cda2aa6
*** SHOWDOWN ***
8cda2aa6 collected 8,202 from pot
*** SUMMARY ***
Total pot 8,202 | Rake 0 | Jackpot 0 | Bingo 0 | Fortune 0 | Tax 0
Board [3d Kc Ts 4c Qc]
Seat 1: 8cda2aa6 won (8,202)
Seat 2: 35534c5f (button) folded before Flop
Seat 3: bbaf4a5 (small blind) folded before Flop
Seat 4: 41b474e7 (big blind) folded on the River
Seat 5: Hero folded before Flop
Seat 6: 863f1ff4 folded before Flop
Seat 7: caf0c370 folded before Flop
Seat 8: 4836099 folded before Flop


Poker Hand #TM3559469678: Tournament #156953735, Bounty Hunters Mini Big Game $2.50 Hold'em No Limit - Level1(200/400) - 2024/08/07 19:36:16
Table '122' 8-max Seat #1 is the button
Seat 1: 8cda2aa6 (95,690 in chips)
Seat 2: 35534c5f (90,667 in chips)
Seat 3: bbaf4a5 (96,420 in chips)
Seat 4: 41b474e7 (185,800 in chips)
Seat 5: Hero (101,120 in chips)
Seat 6: 863f1ff4 (32,583 in chips)
Seat 7: caf0c370 (99,940 in chips)
Seat 8: 4836099 (97,900 in chips)
caf0c370: posts the ante 60
bbaf4a5: posts the ante 60
863f1ff4: posts the ante 60
8cda2aa6: posts the ante 60
41b474e7: posts the ante 60
35534c5f: posts the ante 60
4836099: posts the ante 60
Hero: posts the ante 60
35534c5f: posts small blind 200
bbaf4a5: posts big blind 400
*** HOLE CARDS ***
Dealt to 8cda2aa6 
Dealt to 35534c5f 
Dealt to bbaf4a5 
Dealt to 41b474e7 
Dealt to Hero [5d Jh]
Dealt to 863f1ff4 
Dealt to caf0c370 
Dealt to 4836099 
41b474e7: raises 400 to 800
Hero: folds
863f1ff4: folds
caf0c370: folds
4836099: calls 800
8cda2aa6: folds
35534c5f: calls 600
bbaf4a5: folds
*** FLOP *** [4h 4c 3c]
35534c5f: checks
41b474e7: bets 1,200
4836099: calls 1,200
35534c5f: folds
*** TURN *** [4h 4c 3c] [7c]
41b474e7: checks
4836099: checks
*** RIVER *** [4h 4c 3c 7c] [Tc]
41b474e7: checks
4836099: bets 4,000
41b474e7: folds
Uncalled bet (4,000) returned to 4836099
*** SHOWDOWN ***
4836099 collected 5,680 from pot
*** SUMMARY ***
Total pot 5,680 | Rake 0 | Jackpot 0 | Bingo 0 | Fortune 0 | Tax 0
Board [4h 4c 3c 7c Tc]
Seat 1: 8cda2aa6 (button) folded before Flop
Seat 2: 35534c5f (small blind) folded on the Flop
Seat 3: bbaf4a5 (big blind) folded before Flop
Seat 4: 41b474e7 folded on the River
Seat 5: Hero folded before Flop
Seat 6: 863f1ff4 folded before Flop
Seat 7: caf0c370 folded before Flop
Seat 8: 4836099 won (5,680)


Poker Hand #TM3559469634: Tournament #156953735, Bounty Hunters Mini Big Game $2.50 Hold'em No Limit - Level1(200/400) - 2024/08/07 19:35:33
Table '122' 8-max Seat #8 is the button
Seat 1: 8cda2aa6 (95,950 in chips)
Seat 2: 35534c5f (86,767 in chips)
Seat 3: bbaf4a5 (99,760 in chips)
Seat 4: 41b474e7 (185,860 in chips)
Seat 5: Hero (101,180 in chips)
Seat 6: 863f1ff4 (32,643 in chips)
Seat 7: caf0c370 (100,000 in chips)
Seat 8: 4836099 (97,960 in chips)
caf0c370: posts the ante 60
bbaf4a5: posts the ante 60
863f1ff4: posts the ante 60
8cda2aa6: posts the ante 60
41b474e7: posts the ante 60
35534c5f: posts the ante 60
4836099: posts the ante 60
Hero: posts the ante 60
8cda2aa6: posts small blind 200
35534c5f: posts big blind 400
*** HOLE CARDS ***
Dealt to 8cda2aa6 
Dealt to 35534c5f 
Dealt to bbaf4a5 
Dealt to 41b474e7 
Dealt to Hero [9h 3d]
Dealt to 863f1ff4 
Dealt to caf0c370 
Dealt to 4836099 
bbaf4a5: raises 400 to 800
41b474e7: folds
Hero: folds
863f1ff4: folds
caf0c370: folds
4836099: folds
8cda2aa6: folds
35534c5f: raises 2,480 to 3,280
bbaf4a5: calls 2,480
*** FLOP *** [Js 5s Jc]
35534c5f: bets 2,000
bbaf4a5: folds
Uncalled bet (2,000) returned to 35534c5f
*** SHOWDOWN ***
35534c5f collected 7,240 from pot
*** SUMMARY ***
Total pot 7,240 | Rake 0 | Jackpot 0 | Bingo 0 | Fortune 0 | Tax 0
Board [Js 5s Jc]
Seat 1: 8cda2aa6 (small blind) folded before Flop
Seat 2: 35534c5f (big blind) won (7,240)
Seat 3: bbaf4a5 folded on the Flop
Seat 4: 41b474e7 folded before Flop
Seat 5: Hero folded before Flop
Seat 6: 863f1ff4 folded before Flop
Seat 7: caf0c370 folded before Flop
Seat 8: 4836099 (button) folded before Flop


Poker Hand #TM3559469585: Tournament #156953735, Bounty Hunters Mini Big Game $2.50 Hold'em No Limit - Level1(200/400) - 2024/08/07 19:34:45
Table '122' 8-max Seat #6 is the button
Seat 1: 8cda2aa6 (96,410 in chips)
Seat 2: 35534c5f (86,827 in chips)
Seat 3: bbaf4a5 (99,820 in chips)
Seat 4: 41b474e7 (190,140 in chips)
Seat 5: Hero (105,460 in chips)
Seat 6: 863f1ff4 (23,243 in chips)
Seat 8: 4836099 (98,220 in chips)
bbaf4a5: posts the ante 60
863f1ff4: posts the ante 60
8cda2aa6: posts the ante 60
41b474e7: posts the ante 60
35534c5f: posts the ante 60
Hero: posts the ante 60
4836099: posts the ante 60
4836099: posts small blind 200
8cda2aa6: posts big blind 400
*** HOLE CARDS ***
Dealt to 8cda2aa6 
Dealt to 35534c5f 
Dealt to bbaf4a5 
Dealt to 41b474e7 
Dealt to Hero [9d Jc]
Dealt to 863f1ff4 
Dealt to 4836099 
35534c5f: folds
bbaf4a5: folds
41b474e7: raises 400 to 800
Hero: calls 800
863f1ff4: raises 3,420 to 4,220
4836099: folds
8cda2aa6: folds
41b474e7: calls 3,420
Hero: calls 3,420
*** FLOP *** [2s Qh Ks]
41b474e7: checks
Hero: checks
863f1ff4: bets 4,515
41b474e7: folds
Hero: folds
Uncalled bet (4,515) returned to 863f1ff4
*** SHOWDOWN ***
863f1ff4 collected 13,680 from pot
*** SUMMARY ***
Total pot 13,680 | Rake 0 | Jackpot 0 | Bingo 0 | Fortune 0 | Tax 0
Board [2s Qh Ks]
Seat 1: 8cda2aa6 (big blind) folded before Flop
Seat 2: 35534c5f folded before Flop
Seat 3: bbaf4a5 folded before Flop
Seat 4: 41b474e7 folded on the Flop
Seat 5: Hero folded on the Flop
Seat 6: 863f1ff4 (button) won (13,680)
Seat 8: 4836099 (small blind) folded before Flop


Poker Hand #TM3559469480: Tournament #156953735, Bounty Hunters Mini Big Game $2.50 Hold'em No Limit - Level1(200/400) - 2024/08/07 19:33:03
Table '122' 8-max Seat #5 is the button
Seat 1: 8cda2aa6 (96,470 in chips)
Seat 2: 35534c5f (87,687 in chips)
Seat 3: bbaf4a5 (99,880 in chips)
Seat 4: 41b474e7 (93,720 in chips)
Seat 5: Hero (106,320 in chips)
Seat 6: 863f1ff4 (116,963 in chips)
Seat 8: 4836099 (99,080 in chips)
bbaf4a5: posts the ante 60
863f1ff4: posts the ante 60
8cda2aa6: posts the ante 60
41b474e7: posts the ante 60
35534c5f: posts the ante 60
Hero: posts the ante 60
4836099: posts the ante 60
863f1ff4: posts small blind 200
4836099: posts big blind 400
*** HOLE CARDS ***
Dealt to 8cda2aa6 
Dealt to 35534c5f 
Dealt to bbaf4a5 
Dealt to 41b474e7 
Dealt to Hero [4c 5c]
Dealt to 863f1ff4 
Dealt to 4836099 
8cda2aa6: folds
35534c5f: raises 400 to 800
bbaf4a5: folds
41b474e7: calls 800
Hero: calls 800
863f1ff4: calls 600
4836099: calls 400
*** FLOP *** [7s Qd 2s]
863f1ff4: checks
4836099: checks
35534c5f: checks
41b474e7: bets 2,210
Hero: folds
863f1ff4: raises 8,840 to 11,050
4836099: folds
35534c5f: folds
41b474e7: raises 16,550 to 27,600
863f1ff4: raises 59,620 to 87,220
41b474e7: raises 5,640 to 92,860 and is all-in
863f1ff4: calls 5,640
41b474e7: shows [Ks Kc] (Pair of Kings)
863f1ff4: shows [Qc Jh] (Pair of Queens)
*** TURN *** [7s Qd 2s] [6d]
*** RIVER *** [7s Qd 2s 6d] [7c]
*** SHOWDOWN ***
41b474e7 collected 190,140 from pot
*** SUMMARY ***
Total pot 190,140 | Rake 0 | Jackpot 0 | Bingo 0 | Fortune 0 | Tax 0
Board [7s Qd 2s 6d 7c]
Seat 1: 8cda2aa6 folded before Flop
Seat 2: 35534c5f folded on the Flop
Seat 3: bbaf4a5 folded before Flop
Seat 4: 41b474e7 showed [Ks Kc] and won (190,140) with Pair of Kings and Pair of Sevens
Seat 5: Hero (button) folded on the Flop
Seat 6: 863f1ff4 (small blind) showed [Qc Jh] and lost with Pair of Queens and Pair of Sevens
Seat 8: 4836099 (big blind) folded on the Flop


Poker Hand #TM3559469403: Tournament #156953735, Bounty Hunters Mini Big Game $2.50 Hold'em No Limit - Level1(200/400) - 2024/08/07 19:31:30
Table '122' 8-max Seat #4 is the button
Seat 1: 8cda2aa6 (99,940 in chips)
Seat 2: 35534c5f (99,940 in chips)
Seat 3: bbaf4a5 (99,940 in chips)
Seat 4: 41b474e7 (93,780 in chips)
Seat 5: Hero (106,580 in chips)
Seat 6: 863f1ff4 (99,940 in chips)
Seat 7: 939f288d (99,940 in chips)
Seat 8: 4836099 (99,940 in chips)
bbaf4a5: posts the ante 60
939f288d: posts the ante 60
863f1ff4: posts the ante 60
8cda2aa6: posts the ante 60
41b474e7: posts the ante 60
35534c5f: posts the ante 60
4836099: posts the ante 60
Hero: posts the ante 60
Hero: posts small blind 200
863f1ff4: posts big blind 400
*** HOLE CARDS ***
Dealt to 8cda2aa6 
Dealt to 35534c5f 
Dealt to bbaf4a5 
Dealt to 41b474e7 
Dealt to Hero [6d 3s]
Dealt to 863f1ff4 
Dealt to 939f288d 
Dealt to 4836099 
939f288d: folds
4836099: raises 400 to 800
8cda2aa6: calls 800
35534c5f: raises 2,610 to 3,410
bbaf4a5: folds
41b474e7: folds
Hero: folds
863f1ff4: calls 3,010
4836099: folds
8cda2aa6: calls 2,610
*** FLOP *** [8h 9c 8d]
863f1ff4: checks
8cda2aa6: checks
35534c5f: checks
*** TURN *** [8h 9c 8d] [Ad]
863f1ff4: checks
8cda2aa6: checks
35534c5f: checks
*** RIVER *** [8h 9c 8d Ad] [7h]
863f1ff4: checks
8cda2aa6: checks
35534c5f: bets 8,783
863f1ff4: raises 21,957 to 30,740
8cda2aa6: folds
35534c5f: folds
Uncalled bet (21,957) returned to 863f1ff4
*** SHOWDOWN ***
863f1ff4 collected 29,276 from pot
*** SUMMARY ***
Total pot 29,276 | Rake 0 | Jackpot 0 | Bingo 0 | Fortune 0 | Tax 0
Board [8h 9c 8d Ad 7h]
Seat 1: 8cda2aa6 folded on the River
Seat 2: 35534c5f folded on the River
Seat 3: bbaf4a5 folded before Flop
Seat 4: 41b474e7 (button) folded before Flop
Seat 5: Hero (small blind) folded before Flop
Seat 6: 863f1ff4 (big blind) won (29,276)
Seat 7: 939f288d folded before Flop
Seat 8: 4836099 folded before Flop


Poker Hand #TM3559469309: Tournament #156953735, Bounty Hunters Mini Big Game $2.50 Hold'em No Limit - Level1(200/400) - 2024/08/07 19:30:02
Table '122' 8-max Seat #3 is the button
Seat 1: 8cda2aa6 (100,000 in chips)
Seat 2: 35534c5f (100,000 in chips)
Seat 3: bbaf4a5 (100,000 in chips)
Seat 4: 41b474e7 (100,000 in chips)
Seat 5: Hero (100,000 in chips)
Seat 6: 863f1ff4 (100,000 in chips)
Seat 7: 939f288d (100,000 in chips)
Seat 8: 4836099 (100,000 in chips)
bbaf4a5: posts the ante 60
939f288d: posts the ante 60
863f1ff4: posts the ante 60
8cda2aa6: posts the ante 60
35534c5f: posts the ante 60
41b474e7: posts the ante 60
4836099: posts the ante 60
Hero: posts the ante 60
41b474e7: posts small blind 200
Hero: posts big blind 400
*** HOLE CARDS ***
Dealt to 8cda2aa6 
Dealt to 35534c5f 
Dealt to bbaf4a5 
Dealt to 41b474e7 
Dealt to Hero [Tc Ac]
Dealt to 863f1ff4 
Dealt to 939f288d 
Dealt to 4836099 
863f1ff4: folds
939f288d: folds
4836099: folds
8cda2aa6: folds
35534c5f: folds
bbaf4a5: folds
41b474e7: calls 200
Hero: raises 960 to 1,360
41b474e7: calls 960
*** FLOP *** [Td 8s 6h]
41b474e7: checks
Hero: bets 1,600
41b474e7: calls 1,600
*** TURN *** [Td 8s 6h] [Qc]
41b474e7: checks
Hero: bets 3,200
41b474e7: calls 3,200
*** RIVER *** [Td 8s 6h Qc] [5c]
41b474e7: checks
Hero: checks
41b474e7: shows [8d 7d] (Pair of Eights)
Hero: shows [Tc Ac] (Pair of Tens)
*** SHOWDOWN ***
Hero collected 12,800 from pot
*** SUMMARY ***
Total pot 12,800 | Rake 0 | Jackpot 0 | Bingo 0 | Fortune 0 | Tax 0
Board [Td 8s 6h Qc 5c]
Seat 1: 8cda2aa6 folded before Flop
Seat 2: 35534c5f folded before Flop
Seat 3: bbaf4a5 (button) folded before Flop
Seat 4: 41b474e7 (small blind) showed [8d 7d] and lost with Pair of Eights
Seat 5: Hero (big blind) showed [Tc Ac] and won (12,800) with Pair of Tens
Seat 6: 863f1ff4 folded before Flop
Seat 7: 939f288d folded before Flop
Seat 8: 4836099 folded before Flop


